<?xml version="1.0" encoding="UTF-8"?>
<!DOCTYPE html PUBLIC "-//W3C//DTD XHTML 1.0 Transitional//EN"
    "http://www.w3.org/TR/xhtml1/DTD/xhtml1-transitional.dtd">
<html xmlns="http://www.w3.org/1999/xhtml" xml:lang="en" lang="en">
 <head>
  <title>
</title>
<meta http-equiv="Content-Type" content="text/html;charset=utf-8" />
  <meta name='ocr-system' content='tesseract 3.04.00' />
  <meta name='ocr-capabilities' content='ocr_page ocr_carea ocr_par ocr_line ocrx_word'/>
</head>
<body>
  <div class='ocr_page' id='page_1' title='image "./quaestionumdedi00bringoog_0024.png"; bbox 0 0 2910 4994; ppageno 0'>
   <div class='ocr_carea' id='block_1_1' title="bbox 608 381 641 438">
    <p class='ocr_par' dir='ltr' id='par_1_1' title="bbox 608 381 641 438">
     <span class='ocr_line' id='line_1_1' title="bbox 608 381 641 438; baseline 0 0"><span class='ocrx_word' id='word_1_1' title='bbox 608 381 641 438; x_wconf 78' lang='lat'><strong>21</strong></span> 
     </span>
    </p>
   </div>
   <div class='ocr_carea' id='block_1_2' title="bbox 56 563 1271 845">
    <p class='ocr_par' dir='ltr' id='par_1_2' title="bbox 56 563 1271 845">
     <span class='ocr_line' id='line_1_2' title="bbox 57 563 1198 649; baseline -0.003 -30"><span class='ocrx_word' id='word_1_2' title='bbox 57 569 125 633; x_wconf 83' lang='lat' dir='ltr'><strong>test,</strong></span> <span class='ocrx_word' id='word_1_3' title='bbox 150 565 222 641; x_wconf 92' lang='lat' dir='ltr'><strong>quin</strong></span> <span class='ocrx_word' id='word_1_4' title='bbox 244 565 304 649; x_wconf 33' lang='lat' dir='ltr'><strong>hic·</strong></span> <span class='ocrx_word' id='word_1_5' title='bbox 317 566 466 630; x_wconf 76' lang='lat' dir='ltr'><strong>eiusdem</strong></span> <span class='ocrx_word' id='word_1_6' title='bbox 477 565 597 641; x_wconf 88' lang='lat' dir='ltr'><strong>generis</strong></span> <span class='ocrx_word' id='word_1_7' title='bbox 621 572 746 622; x_wconf 91' lang='lat' dir='ltr'><strong>secutus</strong></span> <span class='ocrx_word' id='word_1_8' title='bbox 763 563 801 620; x_wconf 90' lang='lat' dir='ltr'><strong>sit</strong></span> <span class='ocrx_word' id='word_1_9' title='bbox 824 571 989 634; x_wconf 82' lang='lat' dir='ltr'><strong>auctorem,</strong></span> <span class='ocrx_word' id='word_1_10' title='bbox 1015 578 1082 619; x_wconf 89' lang='lat' dir='ltr'><strong>cum</strong></span> <span class='ocrx_word' id='word_1_11' title='bbox 1097 576 1198 635; x_wconf 90' lang='lat' dir='ltr'><strong>paene</strong></span> 
     </span>
     <span class='ocr_line' id='line_1_3' title="bbox 57 663 1195 745; baseline -0.002 -17"><span class='ocrx_word' id='word_1_12' title='bbox 57 676 96 730; x_wconf 84' lang='lat' dir='ltr'><strong>ad</strong></span> <span class='ocrx_word' id='word_1_13' title='bbox 133 675 259 732; x_wconf 90' lang='lat' dir='ltr'><strong>verbum</strong></span> <span class='ocrx_word' id='word_1_14' title='bbox 300 663 376 733; x_wconf 89' lang='lat' dir='ltr'><strong>cum</strong></span> <span class='ocrx_word' id='word_1_15' title='bbox 410 675 461 732; x_wconf 93' lang='lat' dir='ltr'><strong>illo</strong></span> <span class='ocrx_word' id='word_1_16' title='bbox 497 675 683 734; x_wconf 90' lang='lat' dir='ltr'><strong>conveniens</strong></span> <span class='ocrx_word' id='word_1_17' title='bbox 719 673 865 731; x_wconf 87' lang='lat' dir='ltr'><strong>scriberet</strong></span> <span class='ocrx_word' id='word_1_18' title='bbox 897 673 937 729; x_wconf 88' lang='lat' dir='ltr'><strong>de</strong></span> <span class='ocrx_word' id='word_1_19' title='bbox 953 671 1036 745; x_wconf 67' lang='lat' dir='ltr'><strong>gub.</strong></span> <span class='ocrx_word' id='word_1_20' title='bbox 1070 670 1120 728; x_wconf 88' lang='lat' dir='ltr'><strong>dei</strong></span> <span class='ocrx_word' id='word_1_21' title='bbox 1142 669 1195 726; x_wconf 89' lang='lat' dir='ltr'><strong>ll</strong></span> 
     </span>
     <span class='ocr_line' id='line_1_4' title="bbox 56 773 1271 845; baseline -0.002 -5"><span class='ocrx_word' id='word_1_22' title='bbox 56 784 142 842; x_wconf 83' lang='lat' dir='ltr'><strong>Pluto</strong></span> <span class='ocrx_word' id='word_1_23' title='bbox 167 789 194 843; x_wconf 86' lang='lat' dir='ltr'><strong>et</strong></span> <span class='ocrx_word' id='word_1_24' title='bbox 220 803 316 844; x_wconf 90' lang='lat' dir='ltr'><strong>omues</strong></span> <span class='ocrx_word' id='word_1_25' title='bbox 337 787 555 845; x_wconf 74' lang='lat' dir='ltr'><strong>Platonicorum</strong></span> <span class='ocrx_word' id='word_1_26' title='bbox 582 785 695 844; x_wconf 80' lang='lat' dir='ltr'><strong>scholae</strong></span> <span class='ocrx_word' id='word_1_27' title='bbox 722 784 930 842; x_wconf 72' lang='lat' dir='ltr'><strong>moderatorem</strong></span> <span class='ocrx_word' id='word_1_28' title='bbox 952 799 1051 840; x_wconf 87' lang='lat' dir='ltr'><strong>rerum</strong></span> <span class='ocrx_word' id='word_1_29' title='bbox 1072 773 1201 839; x_wconf 81' lang='lat' dir='ltr'><strong>munium</strong></span> <span class='ocrx_word' id='word_1_30' title='bbox 1269 813 1271 820; x_wconf 65' lang='lat'>‹</span> 
     </span>
    </p>
   </div>
   <div class='ocr_carea' id='block_1_3' title="bbox 56 887 1294 969">
    <p class='ocr_par' dir='ltr' id='par_1_3' title="bbox 56 887 1294 969">
     <span class='ocr_line' id='line_1_5' title="bbox 56 887 1294 969; baseline -0.004 -19"><span class='ocrx_word' id='word_1_31' title='bbox 56 895 226 963; x_wconf 71' lang='lat' dir='ltr'><strong>emtuteutur</strong></span> <span class='ocrx_word' id='word_1_32' title='bbox 258 895 353 963; x_wconf 82' lang='lat' dir='ltr'><strong>deum,</strong></span> <span class='ocrx_word' id='word_1_33' title='bbox 386 896 502 956; x_wconf 85' lang='lat' dir='ltr'><strong>Stoici</strong></span> <span class='ocrx_word' id='word_1_34' title='bbox 528 914 602 955; x_wconf 92' lang='lat' dir='ltr'><strong>eum</strong></span> <span class='ocrx_word' id='word_1_35' title='bbox 632 897 897 969; x_wconf 78' lang='lat' dir='ltr'><strong>puberuutoris</strong></span> <span class='ocrx_word' id='word_1_36' title='bbox 925 894 998 952; x_wconf 84' lang='lat' dir='ltr'><strong>uice</strong></span> <span class='ocrx_word' id='word_1_37' title='bbox 1025 893 1127 950; x_wconf 80' lang='lat' dir='ltr'><strong>iutro</strong></span> <span class='ocrx_word' id='word_1_38' title='bbox 1162 887 1220 946; x_wconf 71' lang='grc' dir='ltr'>τά</span> <span class='ocrx_word' id='word_1_39' title='bbox 1292 901 1294 908; x_wconf 77' lang='grc'><strong>“</strong></span> 
     </span>
    </p>
   </div>
   <div class='ocr_carea' id='block_1_4' title="bbox 58 997 1223 1841">
    <p class='ocr_par' dir='ltr' id='par_1_4' title="bbox 58 997 1223 1841">
     <span class='ocr_line' id='line_1_6' title="bbox 58 997 1197 1080; baseline -0.005 -20"><span class='ocrx_word' id='word_1_40' title='bbox 58 1004 147 1075; x_wconf 70' lang='lat' dir='ltr'><strong>quood</strong></span> <span class='ocrx_word' id='word_1_41' title='bbox 167 1008 280 1080; x_wconf 78' lang='lat' dir='ltr'><strong>requi</strong></span> <span class='ocrx_word' id='word_1_42' title='bbox 300 1022 438 1078; x_wconf 80' lang='lat' dir='ltr'><strong>semper</strong></span> <span class='ocrx_word' id='word_1_43' title='bbox 458 1021 607 1064; x_wconf 86' lang='lat' dir='ltr'><strong>mouere</strong></span> <span class='ocrx_word' id='word_1_44' title='bbox 629 1008 831 1064; x_wconf 84' lang='lat' dir='ltr'><strong>testoutur.</strong></span> <span class='ocrx_word' id='word_1_45' title='bbox 876 1001 971 1060; x_wconf 90' lang='lat' dir='ltr'><strong>Vides</strong></span> <span class='ocrx_word' id='word_1_46' title='bbox 991 999 1066 1077; x_wconf 90' lang='lat' dir='ltr'><strong>quid</strong></span> <span class='ocrx_word' id='word_1_47' title='bbox 1083 997 1197 1058; x_wconf 84' lang='lat' dir='ltr'><strong>factum</strong></span> 
     </span>
     <span class='ocr_line' id='line_1_7' title="bbox 58 1093 1199 1184; baseline 0.001 -21"><span class='ocrx_word' id='word_1_48' title='bbox 58 1109 100 1166; x_wconf 93' lang='lat' dir='ltr'><strong>sit.</strong></span> <span class='ocrx_word' id='word_1_49' title='bbox 144 1093 350 1168; x_wconf 74' lang='lat' dir='ltr'><strong>Tertullianus</strong></span> <span class='ocrx_word' id='word_1_50' title='bbox 377 1110 445 1168; x_wconf 86' lang='lat' dir='ltr'><strong>iuris</strong></span> <span class='ocrx_word' id='word_1_51' title='bbox 478 1127 569 1184; x_wconf 89' lang='lat' dir='ltr'><strong>quam</strong></span> <span class='ocrx_word' id='word_1_52' title='bbox 597 1109 809 1184; x_wconf 81' lang='lat' dir='ltr'><strong>philosophiae</strong></span> <span class='ocrx_word' id='word_1_53' title='bbox 836 1109 959 1184; x_wconf 85' lang='lat' dir='ltr'><strong>peritior</strong></span> <span class='ocrx_word' id='word_1_54' title='bbox 981 1116 1073 1183; x_wconf 89' lang='lat' dir='ltr'><strong>atque</strong></span> <span class='ocrx_word' id='word_1_55' title='bbox 1101 1116 1135 1165; x_wconf 87' lang='lat' dir='ltr'><strong>ut</strong></span> <span class='ocrx_word' id='word_1_56' title='bbox 1165 1107 1199 1164; x_wconf 87' lang='lat' dir='ltr'><strong>fit</strong></span> 
     </span>
     <span class='ocr_line' id='line_1_8' title="bbox 59 1218 1199 1303; baseline 0.003 -31"><span class='ocrx_word' id='word_1_57' title='bbox 59 1218 225 1292; x_wconf 88' lang='lat' dir='ltr'><strong>cupiditate</strong></span> <span class='ocrx_word' id='word_1_58' title='bbox 254 1237 324 1276; x_wconf 91' lang='lat' dir='ltr'><strong>cum</strong></span> <span class='ocrx_word' id='word_1_59' title='bbox 350 1222 516 1303; x_wconf 72' lang='lat' dir='ltr'><strong>motionibus</strong></span> <span class='ocrx_word' id='word_1_60' title='bbox 541 1219 732 1294; x_wconf 86' lang='lat' dir='ltr'><strong>digladiandi</strong></span> <span class='ocrx_word' id='word_1_61' title='bbox 761 1227 943 1277; x_wconf 88' lang='lat' dir='ltr'><strong>occaecatus</strong></span> <span class='ocrx_word' id='word_1_62' title='bbox 969 1219 1140 1276; x_wconf 89' lang='lat' dir='ltr'><strong>Stoicorum</strong></span> <span class='ocrx_word' id='word_1_63' title='bbox 1167 1227 1199 1275; x_wconf 90' lang='lat' dir='ltr'><strong>et</strong></span> 
     </span>
     <span class='ocr_line' id='line_1_9' title="bbox 60 1322 1198 1403; baseline 0.001 -21"><span class='ocrx_word' id='word_1_64' title='bbox 60 1325 281 1384; x_wconf 87' lang='lat' dir='ltr'><strong>Platonicorum</strong></span> <span class='ocrx_word' id='word_1_65' title='bbox 311 1327 389 1386; x_wconf 89' lang='lat' dir='ltr'><strong>inter</strong></span> <span class='ocrx_word' id='word_1_66' title='bbox 416 1346 449 1384; x_wconf 91' lang='lat' dir='ltr'><strong>se</strong></span> <span class='ocrx_word' id='word_1_67' title='bbox 475 1328 658 1402; x_wconf 85' lang='lat' dir='ltr'><strong>permutavit</strong></span> <span class='ocrx_word' id='word_1_68' title='bbox 683 1328 796 1403; x_wconf 85' lang='lat' dir='ltr'><strong>placita</strong></span> <span class='ocrx_word' id='word_1_69' title='bbox 808 1322 828 1388; x_wconf 88' lang='lat'><strong>¹.</strong></span> <span class='ocrx_word' id='word_1_70' title='bbox 873 1327 983 1386; x_wconf 88' lang='lat' dir='ltr'><strong>Stoicis</strong></span> <span class='ocrx_word' id='word_1_71' title='bbox 1013 1327 1103 1402; x_wconf 86' lang='lat' dir='ltr'><strong>igitur</strong></span> <span class='ocrx_word' id='word_1_72' title='bbox 1129 1328 1198 1384; x_wconf 88' lang='lat' dir='ltr'><strong>red·</strong></span> 
     </span>
     <span class='ocr_line' id='line_1_10' title="bbox 59 1433 1198 1520; baseline 0.002 -30"><span class='ocrx_word' id='word_1_73' title='bbox 59 1436 175 1494; x_wconf 88' lang='lat' dir='ltr'><strong>dendus</strong></span> <span class='ocrx_word' id='word_1_74' title='bbox 197 1437 274 1493; x_wconf 90' lang='lat' dir='ltr'><strong>deus</strong></span> <span class='ocrx_word' id='word_1_75' title='bbox 305 1436 491 1510; x_wconf 87' lang='lat' dir='ltr'><strong>guhemator</strong></span> <span class='ocrx_word' id='word_1_76' title='bbox 516 1438 635 1514; x_wconf 51' lang='lat' dir='ltr'><strong>totiens¹</strong></span> <span class='ocrx_word' id='word_1_77' title='bbox 650 1437 688 1494; x_wconf 91' lang='lat' dir='ltr'><strong>ab</strong></span> <span class='ocrx_word' id='word_1_78' title='bbox 715 1437 749 1520; x_wconf 84' lang='lat' dir='ltr'><strong>iis</strong></span> <span class='ocrx_word' id='word_1_79' title='bbox 771 1437 955 1494; x_wconf 88' lang='lat' dir='ltr'><strong>decantatus</strong></span> <span class='ocrx_word' id='word_1_80' title='bbox 967 1433 990 1504; x_wconf 75' lang='lat'><strong>2,</strong></span> <span class='ocrx_word' id='word_1_81' title='bbox 1013 1437 1090 1494; x_wconf 88' lang='lat' dir='ltr'><strong>deus</strong></span> <span class='ocrx_word' id='word_1_82' title='bbox 1114 1444 1198 1494; x_wconf 88' lang='lat' dir='ltr'><strong>extra</strong></span> 
     </span>
     <span class='ocr_line' id='line_1_11' title="bbox 59 1542 1223 1622; baseline 0.002 -22"><span class='ocrx_word' id='word_1_83' title='bbox 59 1545 204 1602; x_wconf 90' lang='lat' dir='ltr'><strong>mundum</strong></span> <span class='ocrx_word' id='word_1_84' title='bbox 227 1545 342 1620; x_wconf 88' lang='lat' dir='ltr'><strong>positus</strong></span> <span class='ocrx_word' id='word_1_85' title='bbox 360 1545 523 1604; x_wconf 91' lang='lat' dir='ltr'><strong>Platonicis</strong></span> <span class='ocrx_word' id='word_1_86' title='bbox 534 1542 556 1605; x_wconf 72' lang='lat'><strong>⁸.</strong></span> <span class='ocrx_word' id='word_1_87' title='bbox 601 1545 670 1618; x_wconf 90' lang='lat' dir='ltr'><strong>Qua</strong></span> <span class='ocrx_word' id='word_1_88' title='bbox 693 1547 774 1604; x_wconf 88' lang='lat' dir='ltr'><strong>enim</strong></span> <span class='ocrx_word' id='word_1_89' title='bbox 789 1546 889 1622; x_wconf 89' lang='lat' dir='ltr'><strong>aptius</strong></span> <span class='ocrx_word' id='word_1_90' title='bbox 912 1564 1004 1622; x_wconf 87' lang='lat' dir='ltr'><strong>quam</strong></span> <span class='ocrx_word' id='word_1_91' title='bbox 1025 1546 1106 1621; x_wconf 84' lang='lat' dir='ltr'><strong>figuli</strong></span> <span class='ocrx_word' id='word_1_92' title='bbox 1122 1547 1198 1602; x_wconf 87' lang='lat' dir='ltr'><strong>ima·</strong></span> <span class='ocrx_word' id='word_1_93' title='bbox 1221 1543 1223 1548; x_wconf 77' lang='grc'><strong>’</strong></span> 
     </span>
     <span class='ocr_line' id='line_1_12' title="bbox 59 1653 1198 1739; baseline 0.005 -29"><span class='ocrx_word' id='word_1_94' title='bbox 59 1653 128 1726; x_wconf 84' lang='lat' dir='ltr'><strong>gine</strong></span> <span class='ocrx_word' id='word_1_95' title='bbox 150 1664 245 1712; x_wconf 86' lang='lat' dir='ltr'><strong>rotam</strong></span> <span class='ocrx_word' id='word_1_96' title='bbox 262 1655 435 1731; x_wconf 86' lang='lat' dir='ltr'><strong>molemque</strong></span> <span class='ocrx_word' id='word_1_97' title='bbox 449 1655 618 1732; x_wconf 89' lang='lat' dir='ltr'><strong>torquentis</strong></span> <span class='ocrx_word' id='word_1_98' title='bbox 641 1664 730 1731; x_wconf 88' lang='lat' dir='ltr'><strong>putas</strong></span> <span class='ocrx_word' id='word_1_99' title='bbox 752 1656 876 1739; x_wconf 71' lang='lat' dir='ltr'><strong>depingi</strong></span> <span class='ocrx_word' id='word_1_100' title='bbox 898 1656 1036 1731; x_wconf 89' lang='lat' dir='ltr'><strong>potuisse</strong></span> <span class='ocrx_word' id='word_1_101' title='bbox 1058 1653 1097 1716; x_wconf 86' lang='grc' dir='ltr'>τὸ</span> <span class='ocrx_word' id='word_1_102' title='bbox 1112 1655 1198 1730; x_wconf 83' lang='grc' dir='ltr'>πρῶ-</span> 
     </span>
     <span class='ocr_line' id='line_1_13' title="bbox 59 1760 1198 1841; baseline 0.001 -21"><span class='ocrx_word' id='word_1_103' title='bbox 59 1779 112 1822; x_wconf 90' lang='grc' dir='ltr'><strong>τον</strong></span> <span class='ocrx_word' id='word_1_104' title='bbox 129 1764 247 1841; x_wconf 83' lang='grc' dir='ltr'>κινοῦν,</span> <span class='ocrx_word' id='word_1_105' title='bbox 264 1765 356 1821; x_wconf 88' lang='lat' dir='ltr'><strong>deum</strong></span> <span class='ocrx_word' id='word_1_106' title='bbox 372 1760 587 1822; x_wconf 72' lang='lat' dir='ltr'><strong>Aristotelist4</strong></span> <span class='ocrx_word' id='word_1_107' title='bbox 619 1763 720 1837; x_wconf 87' lang='lat' dir='ltr'><strong>Quam</strong></span> <span class='ocrx_word' id='word_1_108' title='bbox 743 1766 783 1821; x_wconf 94' lang='lat' dir='ltr'><strong>ob</strong></span> <span class='ocrx_word' id='word_1_109' title='bbox 805 1782 868 1823; x_wconf 90' lang='lat' dir='ltr'><strong>rem</strong></span> <span class='ocrx_word' id='word_1_110' title='bbox 882 1764 942 1821; x_wconf 92' lang='lat' dir='ltr'><strong>hoc</strong></span> <span class='ocrx_word' id='word_1_111' title='bbox 965 1765 1090 1841; x_wconf 90' lang='lat' dir='ltr'><strong>quidem</strong></span> <span class='ocrx_word' id='word_1_112' title='bbox 1113 1765 1198 1839; x_wconf 90' lang='lat' dir='ltr'><strong>quod</strong></span> 
     </span>
    </p>
   </div>
   <div class='ocr_carea' id='block_1_5' title="bbox 61 1863 1198 1951">
    <p class='ocr_par' dir='ltr' id='par_1_5' title="bbox 61 1863 1198 1951">
     <span class='ocr_line' id='line_1_14' title="bbox 61 1863 1198 1951; baseline 0.005 -22"><span class='ocrx_word' id='word_1_113' title='bbox 61 1874 218 1932; x_wconf 88' lang='lat' dir='ltr'><strong>videbatur</strong></span> <span class='ocrx_word' id='word_1_114' title='bbox 232 1874 409 1932; x_wconf 86' lang='lat' dir='ltr'><strong>testimonio</strong></span> <span class='ocrx_word' id='word_1_115' title='bbox 425 1875 562 1951; x_wconf 85' lang='lat' dir='ltr'><strong>seposito</strong></span> <span class='ocrx_word' id='word_1_116' title='bbox 579 1863 610 1932; x_wconf 83' lang='lat' dir='ltr'><strong>et</strong></span> <span class='ocrx_word' id='word_1_117' title='bbox 622 1875 747 1932; x_wconf 92' lang='lat' dir='ltr'><strong>condito</strong></span> <span class='ocrx_word' id='word_1_118' title='bbox 761 1875 1036 1950; x_wconf 86' lang='lat' dir='ltr'><strong>circumspicienda</strong></span> <span class='ocrx_word' id='word_1_119' title='bbox 1047 1883 1119 1931; x_wconf 89' lang='lat' dir='ltr'><strong>sunt</strong></span> <span class='ocrx_word' id='word_1_120' title='bbox 1130 1874 1198 1935; x_wconf 85' lang='lat' dir='ltr'><strong>alia.</strong></span> 
     </span>
    </p>
   </div>
   <div class='ocr_carea' id='block_1_6' title="bbox 60 1974 1249 2386">
    <p class='ocr_par' dir='ltr' id='par_1_6' title="bbox 60 1974 1249 2386">
     <span class='ocr_line' id='line_1_15' title="bbox 155 1974 1249 2059; baseline 0.001 -19"><span class='ocrx_word' id='word_1_121' title='bbox 155 1981 247 2040; x_wconf 89' lang='lat' dir='ltr'><strong>Stoici</strong></span> <span class='ocrx_word' id='word_1_122' title='bbox 269 1983 367 2057; x_wconf 85' lang='lat' dir='ltr'><strong>legem</strong></span> <span class='ocrx_word' id='word_1_123' title='bbox 390 1999 458 2044; x_wconf 87' lang='lat' dir='ltr'><strong>esse</strong></span> <span class='ocrx_word' id='word_1_124' title='bbox 474 1985 583 2041; x_wconf 89' lang='lat' dir='ltr'><strong>dicunt</strong></span> <span class='ocrx_word' id='word_1_125' title='bbox 604 1993 748 2041; x_wconf 85' lang='lat' dir='ltr'><strong>naturae:</strong></span> <span class='ocrx_word' id='word_1_126' title='bbox 771 1986 910 2059; x_wconf 70' lang='lat' dir='ltr'><strong>uunquid</strong></span> <span class='ocrx_word' id='word_1_127' title='bbox 931 1985 1088 2057; x_wconf 79' lang='lat' dir='ltr'><strong>composuit</strong></span> <span class='ocrx_word' id='word_1_128' title='bbox 1110 1984 1197 2041; x_wconf 75' lang='grc' dir='ltr'>νοσοῖ·</span> <span class='ocrx_word' id='word_1_129' title='bbox 1246 1974 1249 1981; x_wconf 77' lang='grc'><strong>’</strong></span> 
     </span>
     <span class='ocr_line' id='line_1_16' title="bbox 60 2089 1197 2169; baseline 0.003 -22"><span class='ocrx_word' id='word_1_130' title='bbox 60 2093 103 2163; x_wconf 79' lang='grc' dir='ltr'>αἰ,</span> <span class='ocrx_word' id='word_1_131' title='bbox 127 2093 263 2166; x_wconf 73' lang='lat' dir='ltr'><strong>quiequid</strong></span> <span class='ocrx_word' id='word_1_132' title='bbox 282 2093 401 2152; x_wconf 86' lang='lat' dir='ltr'><strong>resolvit</strong></span> <span class='ocrx_word' id='word_1_133' title='bbox 422 2095 566 2166; x_wconf 78' lang='lat' dir='ltr'><strong>componit</strong></span> <span class='ocrx_word' id='word_1_134' title='bbox 589 2089 727 2154; x_wconf 76' lang='lat' dir='ltr'><strong>iterum5.</strong></span> <span class='ocrx_word' id='word_1_135' title='bbox 748 2123 781 2133; x_wconf 90' lang='lat'><em>-</em></span> <span class='ocrx_word' id='word_1_136' title='bbox 807 2093 951 2169; x_wconf 73' lang='lat' dir='ltr'><strong>Quicquid</strong></span> <span class='ocrx_word' id='word_1_137' title='bbox 972 2096 1023 2166; x_wconf 87' lang='lat' dir='ltr'><strong>est,</strong></span> <span class='ocrx_word' id='word_1_138' title='bbox 1047 2110 1106 2151; x_wconf 90' lang='lat' dir='ltr'><strong>uou</strong></span> <span class='ocrx_word' id='word_1_139' title='bbox 1127 2093 1197 2150; x_wconf 88' lang='lat' dir='ltr'><strong>erit:</strong></span> 
     </span>
     <span class='ocr_line' id='line_1_17' title="bbox 61 2201 1199 2276; baseline 0.004 -21"><span class='ocrx_word' id='word_1_140' title='bbox 61 2217 108 2257; x_wconf 86' lang='lat' dir='ltr'><strong>me</strong></span> <span class='ocrx_word' id='word_1_141' title='bbox 121 2201 237 2275; x_wconf 72' lang='lat' dir='ltr'><strong>purete,</strong></span> <span class='ocrx_word' id='word_1_142' title='bbox 258 2202 310 2260; x_wconf 82' lang='lat' dir='ltr'><strong>sed</strong></span> <span class='ocrx_word' id='word_1_143' title='bbox 331 2203 502 2262; x_wconf 81' lang='lat' dir='ltr'><strong>resolvetur.</strong></span> <span class='ocrx_word' id='word_1_144' title='bbox 547 2203 639 2262; x_wconf 85' lang='lat' dir='ltr'><strong>Nobis</strong></span> <span class='ocrx_word' id='word_1_145' title='bbox 658 2203 732 2261; x_wconf 85' lang='lat' dir='ltr'><strong>solvi</strong></span> <span class='ocrx_word' id='word_1_146' title='bbox 743 2203 844 2276; x_wconf 77' lang='lat' dir='ltr'><strong>perire</strong></span> <span class='ocrx_word' id='word_1_147' title='bbox 866 2205 917 2261; x_wconf 86' lang='lat' dir='ltr'><strong>est.</strong></span> <span class='ocrx_word' id='word_1_148' title='bbox 959 2203 1102 2261; x_wconf 85' lang='lat' dir='ltr'><strong>Prouimo</strong></span> <span class='ocrx_word' id='word_1_149' title='bbox 1123 2203 1199 2260; x_wconf 87' lang='lat' dir='ltr'><strong>euim</strong></span> 
     </span>
     <span class='ocr_line' id='line_1_18' title="bbox 61 2311 1199 2386; baseline 0.004 -22"><span class='ocrx_word' id='word_1_150' title='bbox 61 2311 213 2386; x_wconf 88' lang='lat' dir='ltr'><strong>iutuemur,</strong></span> <span class='ocrx_word' id='word_1_151' title='bbox 234 2313 275 2371; x_wconf 81' lang='lat' dir='ltr'><strong>mi</strong></span> <span class='ocrx_word' id='word_1_152' title='bbox 288 2312 431 2372; x_wconf 78' lang='lat' dir='ltr'><strong>ulteriora</strong></span> <span class='ocrx_word' id='word_1_153' title='bbox 445 2329 503 2370; x_wconf 89' lang='lat' dir='ltr'><strong>uou</strong></span> <span class='ocrx_word' id='word_1_154' title='bbox 518 2313 664 2386; x_wconf 72' lang='lat' dir='ltr'><strong>prospicit</strong></span> <span class='ocrx_word' id='word_1_155' title='bbox 686 2330 765 2372; x_wconf 87' lang='lat' dir='ltr'><strong>meus</strong></span> <span class='ocrx_word' id='word_1_156' title='bbox 786 2313 869 2372; x_wconf 79' lang='lat' dir='ltr'><strong>lebes</strong></span> <span class='ocrx_word' id='word_1_157' title='bbox 890 2315 917 2370; x_wconf 86' lang='lat' dir='ltr'><strong>et</strong></span> <span class='ocrx_word' id='word_1_158' title='bbox 939 2329 1012 2386; x_wconf 81' lang='lat' dir='ltr'><strong>quoe</strong></span> <span class='ocrx_word' id='word_1_159' title='bbox 1033 2327 1063 2370; x_wconf 89' lang='lat' dir='ltr'><strong>se</strong></span> <span class='ocrx_word' id='word_1_160' title='bbox 1083 2311 1199 2382; x_wconf 79' lang='lat' dir='ltr'><strong>corpori</strong></span> 
     </span>
    </p>
   </div>
   <div class='ocr_carea' id='block_1_7' title="bbox 62 2504 1263 3734">
    <p class='ocr_par' dir='ltr' id='par_1_7' title="bbox 62 2504 1201 2867">
     <span class='ocr_line' id='line_1_19' title="bbox 155 2504 1199 2576; baseline -0.002 -15"><span class='ocrx_word' id='word_1_161' title='bbox 155 2504 261 2562; x_wconf 82' lang='lat' dir='ltr'><strong>¹Unus</strong></span> <span class='ocrx_word' id='word_1_162' title='bbox 279 2510 352 2576; x_wconf 90' lang='lat' dir='ltr'><strong>quod</strong></span> <span class='ocrx_word' id='word_1_163' title='bbox 371 2511 450 2560; x_wconf 88' lang='lat' dir='ltr'><strong>sciam</strong></span> <span class='ocrx_word' id='word_1_164' title='bbox 471 2511 558 2562; x_wconf 87' lang='lat' dir='ltr'><strong>Zeller</strong></span> <span class='ocrx_word' id='word_1_165' title='bbox 579 2512 740 2562; x_wconf 87' lang='lat' dir='ltr'><strong>Tertulliano</strong></span> <span class='ocrx_word' id='word_1_166' title='bbox 766 2513 845 2562; x_wconf 89' lang='lat' dir='ltr'><strong>fidem</strong></span> <span class='ocrx_word' id='word_1_167' title='bbox 872 2513 1020 2562; x_wconf 88' lang='lat' dir='ltr'><strong>habendam</strong></span> <span class='ocrx_word' id='word_1_168' title='bbox 1042 2527 1101 2562; x_wconf 88' lang='lat' dir='ltr'><strong>esse</strong></span> <span class='ocrx_word' id='word_1_169' title='bbox 1120 2517 1199 2573; x_wconf 87' lang='lat' dir='ltr'><strong>negat</strong></span> 
     </span>
     <span class='ocr_line' id='line_1_20' title="bbox 62 2606 1201 2673; baseline 0.006 -24"><span class='ocrx_word' id='word_1_170' title='bbox 62 2609 133 2668; x_wconf 86' lang='lat' dir='ltr'><strong>atque</strong></span> <span class='ocrx_word' id='word_1_171' title='bbox 152 2613 277 2670; x_wconf 86' lang='lat' dir='ltr'><strong>pernegat</strong></span> <span class='ocrx_word' id='word_1_172' title='bbox 295 2606 314 2658; x_wconf 88' lang='lat'><strong>1.</strong></span> <span class='ocrx_word' id='word_1_173' title='bbox 334 2622 356 2658; x_wconf 88' lang='lat' dir='ltr'><strong>c.</strong></span> <span class='ocrx_word' id='word_1_174' title='bbox 375 2624 400 2673; x_wconf 93' lang='lat' dir='ltr'><strong>p.</strong></span> <span class='ocrx_word' id='word_1_175' title='bbox 421 2606 472 2660; x_wconf 81' lang='lat'><strong>137</strong></span> <span class='ocrx_word' id='word_1_176' title='bbox 490 2609 550 2660; x_wconf 89' lang='lat' dir='ltr'><strong>adn.</strong></span> <span class='ocrx_word' id='word_1_177' title='bbox 571 2608 594 2660; x_wconf 86' lang='lat' dir='ltr'><strong>l.</strong></span> <span class='ocrx_word' id='word_1_178' title='bbox 631 2609 702 2658; x_wconf 89' lang='lat' dir='ltr'><strong>Aliis</strong></span> <span class='ocrx_word' id='word_1_179' title='bbox 721 2608 767 2658; x_wconf 92' lang='lat' dir='ltr'><strong>ille</strong></span> <span class='ocrx_word' id='word_1_180' title='bbox 786 2608 848 2658; x_wconf 89' lang='lat' dir='ltr'><strong>viris</strong></span> <span class='ocrx_word' id='word_1_181' title='bbox 874 2610 959 2658; x_wconf 91' lang='lat' dir='ltr'><strong>doctis</strong></span> <span class='ocrx_word' id='word_1_182' title='bbox 984 2609 1070 2658; x_wconf 84' lang='lat' dir='ltr'><strong>sucum</strong></span> <span class='ocrx_word' id='word_1_183' title='bbox 1089 2607 1153 2656; x_wconf 86' lang='lat' dir='ltr'><strong>fecit</strong></span> <span class='ocrx_word' id='word_1_184' title='bbox 1170 2615 1201 2657; x_wconf 92' lang='lat' dir='ltr'><strong>ut</strong></span> 
     </span>
     <span class='ocr_line' id='line_1_21' title="bbox 62 2699 1197 2774; baseline 0.009 -28"><span class='ocrx_word' id='word_1_185' title='bbox 62 2699 197 2766; x_wconf 84' lang='lat' dir='ltr'><strong>Bemaysio</strong></span> <span class='ocrx_word' id='word_1_186' title='bbox 214 2700 276 2755; x_wconf 77' lang='lat' dir='ltr'><strong>Ges.</strong></span> <span class='ocrx_word' id='word_1_187' title='bbox 297 2701 432 2754; x_wconf 76' lang='lat' dir='ltr'><strong>nemum.</strong></span> <span class='ocrx_word' id='word_1_188' title='bbox 451 2706 502 2769; x_wconf 87' lang='lat' dir='ltr'><strong>Ip.</strong></span> <span class='ocrx_word' id='word_1_189' title='bbox 516 2703 551 2755; x_wconf 82' lang='lat'><strong>60</strong></span> <span class='ocrx_word' id='word_1_190' title='bbox 569 2705 629 2756; x_wconf 85' lang='lat' dir='ltr'><strong>adn.</strong></span> <span class='ocrx_word' id='word_1_191' title='bbox 650 2704 664 2756; x_wconf 87' lang='lat'>1</span> <span class='ocrx_word' id='word_1_192' title='bbox 686 2711 711 2754; x_wconf 92' lang='lat' dir='ltr'><strong>et</strong></span> <span class='ocrx_word' id='word_1_193' title='bbox 729 2705 828 2755; x_wconf 86' lang='lat' dir='ltr'><strong>Steinio</strong></span> <span class='ocrx_word' id='word_1_194' title='bbox 849 2703 973 2774; x_wconf 77' lang='lat' dir='ltr'><strong>Psyolrol.</strong></span> <span class='ocrx_word' id='word_1_195' title='bbox 994 2703 1020 2756; x_wconf 78' lang='lat' dir='ltr'><strong>o.</strong></span> <span class='ocrx_word' id='word_1_196' title='bbox 1040 2703 1106 2756; x_wconf 88' lang='lat' dir='ltr'><strong>Stoa</strong></span> <span class='ocrx_word' id='word_1_197' title='bbox 1125 2720 1150 2768; x_wconf 90' lang='lat' dir='ltr'><strong>p.</strong></span> <span class='ocrx_word' id='word_1_198' title='bbox 1162 2701 1197 2756; x_wconf 80' lang='lat'><strong>34</strong></span> 
     </span>
     <span class='ocr_line' id='line_1_22' title="bbox 64 2796 1068 2867; baseline 0.008 -25"><span class='ocrx_word' id='word_1_199' title='bbox 64 2796 118 2846; x_wconf 81' lang='lat' dir='ltr'><strong>adn.</strong></span> <span class='ocrx_word' id='word_1_200' title='bbox 136 2796 178 2862; x_wconf 71' lang='lat'><strong>42,</strong></span> <span class='ocrx_word' id='word_1_201' title='bbox 198 2799 232 2847; x_wconf 90' lang='lat' dir='ltr'><strong>de</strong></span> <span class='ocrx_word' id='word_1_202' title='bbox 251 2799 325 2848; x_wconf 87' lang='lat' dir='ltr'><strong>cuius</strong></span> <span class='ocrx_word' id='word_1_203' title='bbox 344 2800 445 2849; x_wconf 86' lang='lat' dir='ltr'><strong>ratione</strong></span> <span class='ocrx_word' id='word_1_204' title='bbox 464 2804 543 2852; x_wconf 78' lang='lat' dir='ltr'><strong>entra</strong></span> <span class='ocrx_word' id='word_1_205' title='bbox 562 2801 590 2850; x_wconf 94' lang='lat' dir='ltr'><strong>in</strong></span> <span class='ocrx_word' id='word_1_206' title='bbox 610 2799 681 2852; x_wconf 80' lang='lat' dir='ltr'><strong>ultro</strong></span> <span class='ocrx_word' id='word_1_207' title='bbox 700 2803 822 2850; x_wconf 85' lang='lat' dir='ltr'><strong>mutantis</strong></span> <span class='ocrx_word' id='word_1_208' title='bbox 840 2809 926 2851; x_wconf 88' lang='lat' dir='ltr'><strong>tacere</strong></span> <span class='ocrx_word' id='word_1_209' title='bbox 946 2807 1068 2867; x_wconf 84' lang='lat' dir='ltr'><strong>praestat.</strong></span> 
     </span>
    </p>

    <p class='ocr_par' dir='ltr' id='par_1_8' title="bbox 63 2891 1263 3444">
     <span class='ocr_line' id='line_1_23' title="bbox 154 2891 1200 2962; baseline 0.003 -18"><span class='ocrx_word' id='word_1_210' title='bbox 154 2891 167 2928; x_wconf 53' lang='grc' dir='ltr'>θ</span> <span class='ocrx_word' id='word_1_211' title='bbox 184 2895 294 2948; x_wconf 86' lang='lat' dir='ltr'><strong>Luciau.</strong></span> <span class='ocrx_word' id='word_1_212' title='bbox 313 2897 372 2960; x_wconf 86' lang='lat' dir='ltr'><strong>Iup.</strong></span> <span class='ocrx_word' id='word_1_213' title='bbox 391 2901 454 2958; x_wconf 84' lang='lat' dir='ltr'><strong>trag.</strong></span> <span class='ocrx_word' id='word_1_214' title='bbox 474 2895 508 2948; x_wconf 80' lang='grc'><strong>46</strong></span> <span class='ocrx_word' id='word_1_215' title='bbox 523 2913 561 2962; x_wconf 90' lang='lat' dir='ltr'><strong>sq.</strong></span> <span class='ocrx_word' id='word_1_216' title='bbox 592 2899 656 2947; x_wconf 90' lang='lat' dir='ltr'><strong>Non</strong></span> <span class='ocrx_word' id='word_1_217' title='bbox 673 2898 744 2948; x_wconf 85' lang='lat' dir='ltr'><strong>nulla</strong></span> <span class='ocrx_word' id='word_1_218' title='bbox 762 2898 870 2961; x_wconf 83' lang='lat' dir='ltr'><strong>collegit</strong></span> <span class='ocrx_word' id='word_1_219' title='bbox 882 2901 911 2950; x_wconf 90' lang='lat' dir='ltr'><strong>P.</strong></span> <span class='ocrx_word' id='word_1_220' title='bbox 925 2897 1081 2948; x_wconf 90' lang='lat' dir='ltr'><strong>Wendland</strong></span> <span class='ocrx_word' id='word_1_221' title='bbox 1097 2893 1200 2948; x_wconf 81' lang='lat' dir='ltr'><strong>Archiv</strong></span> 
     </span>
     <span class='ocr_line' id='line_1_24' title="bbox 63 2983 1197 3060; baseline 0.003 -23"><span class='ocrx_word' id='word_1_222' title='bbox 63 2983 104 3046; x_wconf 71' lang='lat' dir='ltr'><strong>fiir</strong></span> <span class='ocrx_word' id='word_1_223' title='bbox 123 2987 211 3042; x_wconf 73' lang='lat' dir='ltr'><strong>Gessit.</strong></span> <span class='ocrx_word' id='word_1_224' title='bbox 230 2989 256 3043; x_wconf 76' lang='lat' dir='ltr'><strong>d.</strong></span> <span class='ocrx_word' id='word_1_225' title='bbox 276 2989 379 3044; x_wconf 71' lang='lat' dir='ltr'><strong>Philus.</strong></span> <span class='ocrx_word' id='word_1_226' title='bbox 399 2993 412 3040; x_wconf 89' lang='grc' dir='ltr'>Ι</span> <span class='ocrx_word' id='word_1_227' title='bbox 431 3008 456 3057; x_wconf 92' lang='lat' dir='ltr'><strong>p.</strong></span> <span class='ocrx_word' id='word_1_228' title='bbox 468 2992 528 3045; x_wconf 77' lang='lat'><strong>206.</strong></span> <span class='ocrx_word' id='word_1_229' title='bbox 540 3021 571 3030; x_wconf 86' lang='lat'><strong>-—</strong></span> <span class='ocrx_word' id='word_1_230' title='bbox 587 2993 657 3043; x_wconf 90' lang='lat' dir='ltr'><strong>Hinc</strong></span> <span class='ocrx_word' id='word_1_231' title='bbox 679 3002 835 3060; x_wconf 87' lang='lat' dir='ltr'><strong>acceperunt</strong></span> <span class='ocrx_word' id='word_1_232' title='bbox 854 2995 996 3060; x_wconf 89' lang='lat' dir='ltr'><strong>scriptores</strong></span> <span class='ocrx_word' id='word_1_233' title='bbox 1015 2991 1197 3051; x_wconf 85' lang='lat' dir='ltr'><strong>ecclesiastici,</strong></span> 
     </span>
     <span class='ocr_line' id='line_1_25' title="bbox 64 3083 1200 3155; baseline 0.004 -25"><span class='ocrx_word' id='word_1_234' title='bbox 64 3083 128 3132; x_wconf 92' lang='lat' dir='ltr'><strong>velut</strong></span> <span class='ocrx_word' id='word_1_235' title='bbox 159 3085 333 3154; x_wconf 85' lang='lat' dir='ltr'><strong>Theophilus,</strong></span> <span class='ocrx_word' id='word_1_236' title='bbox 363 3087 434 3138; x_wconf 85' lang='lat' dir='ltr'><strong>cuius</strong></span> <span class='ocrx_word' id='word_1_237' title='bbox 463 3089 496 3138; x_wconf 90' lang='lat' dir='ltr'><strong>ad</strong></span> <span class='ocrx_word' id='word_1_238' title='bbox 522 3089 684 3155; x_wconf 88' lang='lat' dir='ltr'><strong>Autolycum</strong></span> <span class='ocrx_word' id='word_1_239' title='bbox 708 3091 771 3140; x_wconf 90' lang='lat' dir='ltr'><strong>libri</strong></span> <span class='ocrx_word' id='word_1_240' title='bbox 790 3093 803 3139; x_wconf 91' lang='lat' dir='ltr'>I</span> <span class='ocrx_word' id='word_1_241' title='bbox 824 3106 861 3142; x_wconf 86' lang='lat' dir='ltr'><strong>cc.</strong></span> <span class='ocrx_word' id='word_1_242' title='bbox 880 3089 900 3142; x_wconf 76' lang='lat'>5</span> <span class='ocrx_word' id='word_1_243' title='bbox 916 3097 942 3139; x_wconf 86' lang='lat' dir='ltr'><strong>et</strong></span> <span class='ocrx_word' id='word_1_244' title='bbox 961 3089 977 3140; x_wconf 83' lang='lat'>6</span> <span class='ocrx_word' id='word_1_245' title='bbox 997 3103 1080 3155; x_wconf 88' lang='lat' dir='ltr'><strong>paene</strong></span> <span class='ocrx_word' id='word_1_246' title='bbox 1098 3087 1200 3150; x_wconf 84' lang='lat' dir='ltr'><strong>integra</strong></span> 
     </span>
     <span class='ocr_line' id='line_1_26' title="bbox 66 3177 1263 3252; baseline 0.007 -27"><span class='ocrx_word' id='word_1_247' title='bbox 66 3193 92 3226; x_wconf 82' lang='lat' dir='ltr'><strong>er</strong></span> <span class='ocrx_word' id='word_1_248' title='bbox 111 3180 188 3231; x_wconf 89' lang='lat' dir='ltr'><strong>Stoici</strong></span> <span class='ocrx_word' id='word_1_249' title='bbox 208 3183 341 3232; x_wconf 85' lang='lat' dir='ltr'><strong>cuiusdam</strong></span> <span class='ocrx_word' id='word_1_250' title='bbox 361 3183 430 3233; x_wconf 90' lang='lat' dir='ltr'><strong>libro</strong></span> <span class='ocrx_word' id='word_1_251' title='bbox 456 3185 593 3250; x_wconf 89' lang='lat' dir='ltr'><strong>desumpta</strong></span> <span class='ocrx_word' id='word_1_252' title='bbox 612 3195 680 3237; x_wconf 85' lang='lat' dir='ltr'><strong>sunt.</strong></span> <span class='ocrx_word' id='word_1_253' title='bbox 717 3188 828 3236; x_wconf 88' lang='lat' dir='ltr'><strong>Possem</strong></span> <span class='ocrx_word' id='word_1_254' title='bbox 848 3187 974 3252; x_wconf 87' lang='lat' dir='ltr'><strong>copiosus</strong></span> <span class='ocrx_word' id='word_1_255' title='bbox 994 3201 1061 3247; x_wconf 91' lang='lat' dir='ltr'><strong>esse,</strong></span> <span class='ocrx_word' id='word_1_256' title='bbox 1082 3185 1103 3234; x_wconf 90' lang='lat' dir='ltr'><strong>si</strong></span> <span class='ocrx_word' id='word_1_257' title='bbox 1121 3184 1200 3234; x_wconf 92' lang='lat' dir='ltr'><strong>huius</strong></span> <span class='ocrx_word' id='word_1_258' title='bbox 1262 3177 1263 3182; x_wconf 34' lang='lat'>¹</span> 
     </span>
     <span class='ocr_line' id='line_1_27' title="bbox 66 3265 1244 3349; baseline 0.005 -26"><span class='ocrx_word' id='word_1_259' title='bbox 66 3273 177 3337; x_wconf 86' lang='lat' dir='ltr'><strong>imaginis</strong></span> <span class='ocrx_word' id='word_1_260' title='bbox 196 3279 349 3329; x_wconf 83' lang='lat' dir='ltr'><strong>memoriam</strong></span> <span class='ocrx_word' id='word_1_261' title='bbox 368 3271 528 3345; x_wconf 86' lang='lat' dir='ltr'><strong>componere</strong></span> <span class='ocrx_word' id='word_1_262' title='bbox 541 3282 643 3334; x_wconf 88' lang='lat' dir='ltr'><strong>vellem.</strong></span> <span class='ocrx_word' id='word_1_263' title='bbox 680 3284 802 3334; x_wconf 89' lang='lat' dir='ltr'><strong>Ceterum</strong></span> <span class='ocrx_word' id='word_1_264' title='bbox 816 3265 948 3349; x_wconf 88' lang='lat' dir='ltr'><strong>quomodo</strong></span> <span class='ocrx_word' id='word_1_265' title='bbox 965 3281 1093 3330; x_wconf 87' lang='lat' dir='ltr'><strong>Platonici</strong></span> <span class='ocrx_word' id='word_1_266' title='bbox 1110 3297 1142 3330; x_wconf 90' lang='lat' dir='ltr'><strong>ea</strong></span> <span class='ocrx_word' id='word_1_267' title='bbox 1161 3282 1200 3330; x_wconf 92' lang='lat' dir='ltr'><strong>uti</strong></span> <span class='ocrx_word' id='word_1_268' title='bbox 1226 3286 1244 3341; x_wconf 52' lang='grc' dir='ltr'>ᾗ</span> 
     </span>
     <span class='ocr_line' id='line_1_28' title="bbox 66 3374 899 3444; baseline 0.014 -26"><span class='ocrx_word' id='word_1_269' title='bbox 66 3374 195 3432; x_wconf 84' lang='lat' dir='ltr'><strong>potuerint.</strong></span> <span class='ocrx_word' id='word_1_270' title='bbox 215 3376 290 3425; x_wconf 90' lang='lat' dir='ltr'><strong>dooet</strong></span> <span class='ocrx_word' id='word_1_271' title='bbox 307 3376 455 3440; x_wconf 82' lang='lat' dir='ltr'><strong>Numenius</strong></span> <span class='ocrx_word' id='word_1_272' title='bbox 474 3377 543 3442; x_wconf 89' lang='lat' dir='ltr'><strong>apud</strong></span> <span class='ocrx_word' id='word_1_273' title='bbox 562 3379 659 3429; x_wconf 87' lang='lat' dir='ltr'><strong>Euseb.</strong></span> <span class='ocrx_word' id='word_1_274' title='bbox 679 3396 717 3444; x_wconf 91' lang='lat' dir='ltr'><strong>pr.</strong></span> <span class='ocrx_word' id='word_1_275' title='bbox 737 3395 776 3431; x_wconf 91' lang='lat' dir='ltr'><strong>ev.</strong></span> <span class='ocrx_word' id='word_1_276' title='bbox 796 3381 837 3428; x_wconf 89' lang='lat' dir='ltr'><strong>XI</strong></span> <span class='ocrx_word' id='word_1_277' title='bbox 860 3378 899 3432; x_wconf 87' lang='lat'><strong>18.</strong></span> 
     </span>
    </p>

    <p class='ocr_par' dir='ltr' id='par_1_9' title="bbox 66 3459 1199 3734">
     <span class='ocr_line' id='line_1_29' title="bbox 155 3459 1198 3540; baseline 0.004 -20"><span class='ocrx_word' id='word_1_278' title='bbox 155 3459 383 3536; x_wconf 81' lang='lat' dir='ltr'><strong>³cs.&#39;The0phi1.</strong></span> <span class='ocrx_word' id='word_1_279' title='bbox 408 3473 440 3521; x_wconf 86' lang='lat' dir='ltr'><strong>ad</strong></span> <span class='ocrx_word' id='word_1_280' title='bbox 459 3473 552 3524; x_wconf 88' lang='lat' dir='ltr'><strong>Antol.</strong></span> <span class='ocrx_word' id='word_1_281' title='bbox 571 3475 598 3522; x_wconf 88' lang='lat' dir='ltr'>H</span> <span class='ocrx_word' id='word_1_282' title='bbox 616 3472 634 3525; x_wconf 89' lang='grc'>4</span> <span class='ocrx_word' id='word_1_283' title='bbox 653 3472 677 3526; x_wconf 87' lang='grc' dir='ltr'><strong>εἰ</strong></span> <span class='ocrx_word' id='word_1_284' title='bbox 696 3475 727 3526; x_wconf 80' lang='grc' dir='ltr'><strong>δὲ</strong></span> <span class='ocrx_word' id='word_1_285' title='bbox 751 3475 815 3536; x_wconf 83' lang='grc' dir='ltr'>θεὸς</span> <span class='ocrx_word' id='word_1_286' title='bbox 837 3473 974 3540; x_wconf 77' lang='grc' dir='ltr'>ἀγένητος</span> <span class='ocrx_word' id='word_1_287' title='bbox 997 3475 1042 3526; x_wconf 76' lang='grc' dir='ltr'><strong>καὶ</strong></span> <span class='ocrx_word' id='word_1_288' title='bbox 1062 3473 1114 3537; x_wconf 82' lang='grc' dir='ltr'><strong>ὕλη</strong></span> <span class='ocrx_word' id='word_1_289' title='bbox 1134 3472 1198 3536; x_wconf 85' lang='grc' dir='ltr'>άγέ-</span> 
     </span>
     <span class='ocr_line' id='line_1_30' title="bbox 66 3567 1199 3636; baseline 0.005 -21"><span class='ocrx_word' id='word_1_290' title='bbox 66 3577 156 3628; x_wconf 90' lang='grc' dir='ltr'>νητος.</span> <span class='ocrx_word' id='word_1_291' title='bbox 170 3567 278 3620; x_wconf 84' lang='grc' dir='ltr'>..κατὰ</span> <span class='ocrx_word' id='word_1_292' title='bbox 302 3568 369 3630; x_wconf 87' lang='grc' dir='ltr'>τοὺς</span> <span class='ocrx_word' id='word_1_293' title='bbox 391 3567 643 3632; x_wconf 85' lang='grc' dir='ltr'>Πλατωνικοὺς...</span> <span class='ocrx_word' id='word_1_294' title='bbox 663 3569 690 3622; x_wconf 82' lang='grc' dir='ltr'>τί</span> <span class='ocrx_word' id='word_1_295' title='bbox 712 3571 743 3623; x_wconf 84' lang='grc' dir='ltr'>δέ</span> <span class='ocrx_word' id='word_1_296' title='bbox 770 3570 849 3636; x_wconf 75' lang='grc' dir='ltr'>μέγα,</span> <span class='ocrx_word' id='word_1_297' title='bbox 873 3570 897 3623; x_wconf 85' lang='grc' dir='ltr'><strong>εἰ</strong></span> <span class='ocrx_word' id='word_1_298' title='bbox 919 3571 936 3623; x_wconf 88' lang='grc' dir='ltr'>ὁ</span> <span class='ocrx_word' id='word_1_299' title='bbox 960 3571 1023 3633; x_wconf 85' lang='grc' dir='ltr'>θεὸς</span> <span class='ocrx_word' id='word_1_300' title='bbox 1042 3569 1069 3623; x_wconf 81' lang='grc' dir='ltr'><strong>ἐξ</strong></span> <span class='ocrx_word' id='word_1_301' title='bbox 1087 3569 1199 3622; x_wconf 82' lang='grc' dir='ltr'>ὑποκει-</span> 
     </span>
     <span class='ocr_line' id='line_1_31' title="bbox 67 3659 1199 3734; baseline 0.007 -23"><span class='ocrx_word' id='word_1_302' title='bbox 67 3659 142 3727; x_wconf 84' lang='grc' dir='ltr'>μένης</span> <span class='ocrx_word' id='word_1_303' title='bbox 159 3661 232 3730; x_wconf 84' lang='grc' dir='ltr'>’ὕλης</span> <span class='ocrx_word' id='word_1_304' title='bbox 250 3663 338 3718; x_wconf 73' lang='grc' dir='ltr'>ἑποίει</span> <span class='ocrx_word' id='word_1_305' title='bbox 356 3665 407 3718; x_wconf 85' lang='grc' dir='ltr'><strong>τὸν</strong></span> <span class='ocrx_word' id='word_1_306' title='bbox 426 3667 546 3732; x_wconf 87' lang='grc' dir='ltr'>κόσμον;</span> <span class='ocrx_word' id='word_1_307' title='bbox 575 3669 620 3719; x_wconf 80' lang='grc' dir='ltr'><strong>καὶ</strong></span> <span class='ocrx_word' id='word_1_308' title='bbox 643 3668 697 3733; x_wconf 82' lang='grc' dir='ltr'><strong>γὰρ</strong></span> <span class='ocrx_word' id='word_1_309' title='bbox 714 3665 842 3733; x_wconf 78' lang='grc' dir='ltr'>τεχνίτης</span> <span class='ocrx_word' id='word_1_310' title='bbox 861 3669 1019 3734; x_wconf 84' lang='grc' dir='ltr'>ἄνθρωπος,</span> <span class='ocrx_word' id='word_1_311' title='bbox 1039 3665 1108 3719; x_wconf 83' lang='grc' dir='ltr'>ἐπὰν</span> <span class='ocrx_word' id='word_1_312' title='bbox 1129 3667 1199 3732; x_wconf 83' lang='grc' dir='ltr'>ὕλην</span> 
     </span>
    </p>
   </div>
   <div class='ocr_carea' id='block_1_8' title="bbox 68 3755 1198 3920">
    <p class='ocr_par' dir='ltr' id='par_1_10' title="bbox 68 3755 1198 3920">
     <span class='ocr_line' id='line_1_32' title="bbox 68 3755 1198 3831; baseline 0 -18"><span class='ocrx_word' id='word_1_313' title='bbox 68 3755 127 3826; x_wconf 81' lang='grc' dir='ltr'>λάβῃ</span> <span class='ocrx_word' id='word_1_314' title='bbox 150 3760 205 3814; x_wconf 83' lang='grc' dir='ltr'><strong>ἀπό</strong></span> <span class='ocrx_word' id='word_1_315' title='bbox 229 3777 313 3829; x_wconf 86' lang='grc' dir='ltr'>τινος,</span> <span class='ocrx_word' id='word_1_316' title='bbox 333 3762 360 3817; x_wconf 82' lang='grc' dir='ltr'><strong>ἐξ</strong></span> <span class='ocrx_word' id='word_1_317' title='bbox 379 3763 467 3828; x_wconf 83' lang='grc' dir='ltr'>αὐτῆς</span> <span class='ocrx_word' id='word_1_318' title='bbox 485 3762 539 3816; x_wconf 73' lang='grc' dir='ltr'><strong>ὅσα</strong></span> <span class='ocrx_word' id='word_1_319' title='bbox 560 3764 690 3829; x_wconf 85' lang='grc' dir='ltr'>βούλεται</span> <span class='ocrx_word' id='word_1_320' title='bbox 708 3771 783 3818; x_wconf 82' lang='grc' dir='ltr'>ποιεῖ</span> <span class='ocrx_word' id='word_1_321' title='bbox 807 3765 864 3818; x_wconf 86' lang='grc' dir='ltr'><strong>κτὲ.</strong></span> <span class='ocrx_word' id='word_1_322' title='bbox 884 3773 910 3816; x_wconf 90' lang='lat' dir='ltr'><strong>et</strong></span> <span class='ocrx_word' id='word_1_323' title='bbox 927 3767 972 3816; x_wconf 93' lang='lat' dir='ltr'><strong>Ps.</strong></span> <span class='ocrx_word' id='word_1_324' title='bbox 992 3763 1087 3831; x_wconf 84' lang='lat' dir='ltr'><strong>Justin.</strong></span> <span class='ocrx_word' id='word_1_325' title='bbox 1108 3765 1140 3814; x_wconf 86' lang='lat' dir='ltr'><strong>de</strong></span> <span class='ocrx_word' id='word_1_326' title='bbox 1159 3781 1198 3813; x_wconf 88' lang='lat' dir='ltr'><strong>re-</strong></span> 
     </span>
     <span class='ocr_line' id='line_1_33' title="bbox 68 3855 261 3920; baseline 0.062 -21"><span class='ocrx_word' id='word_1_327' title='bbox 68 3867 122 3906; x_wconf 89' lang='lat' dir='ltr'><strong>surr.</strong></span> <span class='ocrx_word' id='word_1_328' title='bbox 139 3872 163 3920; x_wconf 88' lang='lat' dir='ltr'><strong>p.</strong></span> <span class='ocrx_word' id='word_1_329' title='bbox 176 3855 261 3911; x_wconf 82' lang='lat' dir='ltr'><strong>591e.</strong></span> 
     </span>
    </p>
   </div>
   <div class='ocr_carea' id='block_1_9' title="bbox 70 3942 1242 4320">
    <p class='ocr_par' dir='ltr' id='par_1_11' title="bbox 70 3942 1242 4320">
     <span class='ocr_line' id='line_1_34' title="bbox 154 3942 1242 4020; baseline 0.003 -17"><span class='ocrx_word' id='word_1_330' title='bbox 154 3947 166 3986; x_wconf 75' lang='lat'>4</span> <span class='ocrx_word' id='word_1_331' title='bbox 183 3953 342 4005; x_wconf 87' lang='lat' dir='ltr'><strong>Aristoteles</strong></span> <span class='ocrx_word' id='word_1_332' title='bbox 362 3954 413 4005; x_wconf 90' lang='lat' dir='ltr'><strong>hoc</strong></span> <span class='ocrx_word' id='word_1_333' title='bbox 432 3955 493 4006; x_wconf 92' lang='lat' dir='ltr'><strong>loco</strong></span> <span class='ocrx_word' id='word_1_334' title='bbox 506 3964 534 4006; x_wconf 91' lang='lat' dir='ltr'><strong>ut</strong></span> <span class='ocrx_word' id='word_1_335' title='bbox 551 3957 612 4006; x_wconf 84' lang='lat' dir='ltr'><strong>aliis</strong></span> <span class='ocrx_word' id='word_1_336' title='bbox 630 3957 718 4006; x_wconf 87' lang='lat' dir='ltr'><strong>multis</strong></span> <span class='ocrx_word' id='word_1_337' title='bbox 738 3958 920 4007; x_wconf 88' lang='lat' dir='ltr'><strong>adnumeratur</strong></span> <span class='ocrx_word' id='word_1_338' title='bbox 931 3956 1084 4008; x_wconf 86' lang='lat' dir='ltr'><strong>Platonicis.</strong></span> <span class='ocrx_word' id='word_1_339' title='bbox 1122 3957 1198 4020; x_wconf 80' lang='lat' dir='ltr'><strong>Quae</strong></span> <span class='ocrx_word' id='word_1_340' title='bbox 1240 3942 1242 3946; x_wconf 33' lang='lat'><strong><em>⁵</em></strong></span> 
     </span>
     <span class='ocr_line' id='line_1_35' title="bbox 72 4049 1199 4120; baseline 0.01 -26"><span class='ocrx_word' id='word_1_341' title='bbox 72 4054 169 4108; x_wconf 84' lang='lat' dir='ltr'><strong>eguntur</strong></span> <span class='ocrx_word' id='word_1_342' title='bbox 193 4049 227 4100; x_wconf 88' lang='lat' dir='ltr'><strong>de</strong></span> <span class='ocrx_word' id='word_1_343' title='bbox 249 4058 315 4117; x_wconf 86' lang='lat' dir='ltr'><strong>part.</strong></span> <span class='ocrx_word' id='word_1_344' title='bbox 344 4052 421 4103; x_wconf 88' lang='lat' dir='ltr'><strong>anim.</strong></span> <span class='ocrx_word' id='word_1_345' title='bbox 442 4053 470 4101; x_wconf 92' lang='grc' dir='ltr'>Π</span> <span class='ocrx_word' id='word_1_346' title='bbox 488 4051 504 4104; x_wconf 85' lang='grc'><strong>9</strong></span> <span class='ocrx_word' id='word_1_347' title='bbox 523 4069 548 4118; x_wconf 94' lang='lat' dir='ltr'><strong>p.</strong></span> <span class='ocrx_word' id='word_1_348' title='bbox 562 4051 692 4106; x_wconf 76' lang='lat' dir='ltr'>654b29</span> <span class='ocrx_word' id='word_1_349' title='bbox 721 4053 819 4120; x_wconf 80' lang='grc' dir='ltr'>ὥσπερ</span> <span class='ocrx_word' id='word_1_350' title='bbox 844 4053 899 4120; x_wconf 86' lang='grc' dir='ltr'><strong>γάρ</strong></span> <span class='ocrx_word' id='word_1_351' title='bbox 921 4053 948 4107; x_wconf 82' lang='lat' dir='ltr'><strong>ot</strong></span> <span class='ocrx_word' id='word_1_352' title='bbox 970 4052 1143 4115; x_wconf 86' lang='grc' dir='ltr'>πλάττοντες</span> <span class='ocrx_word' id='word_1_353' title='bbox 1168 4053 1199 4105; x_wconf 84' lang='grc' dir='ltr'><strong>ἐκ</strong></span> 
     </span>
     <span class='ocr_line' id='line_1_36' title="bbox 70 4144 1200 4217; baseline 0.004 -23"><span class='ocrx_word' id='word_1_354' title='bbox 70 4144 150 4206; x_wconf 79' lang='grc' dir='ltr'>πηλοῦ</span> <span class='ocrx_word' id='word_1_355' title='bbox 167 4147 239 4212; x_wconf 83' lang='grc' dir='ltr'>Ζῷον</span> <span class='ocrx_word' id='word_1_356' title='bbox 258 4148 276 4212; x_wconf 84' lang='grc' dir='ltr'>ἤ</span> <span class='ocrx_word' id='word_1_357' title='bbox 295 4163 371 4210; x_wconf 89' lang='grc' dir='ltr'>τινος</span> <span class='ocrx_word' id='word_1_358' title='bbox 389 4149 474 4214; x_wconf 87' lang='grc' dir='ltr'>άλλης</span> <span class='ocrx_word' id='word_1_359' title='bbox 491 4149 576 4215; x_wconf 82' lang='grc' dir='ltr'>ὑγράς</span> <span class='ocrx_word' id='word_1_360' title='bbox 600 4149 765 4212; x_wconf 82' lang='grc' dir='ltr'>συστάσεως</span> <span class='ocrx_word' id='word_1_361' title='bbox 788 4150 922 4217; x_wconf 83' lang='grc' dir='ltr'>ὑφιστάσι</span> <span class='ocrx_word' id='word_1_362' title='bbox 949 4153 1008 4201; x_wconf 84' lang='grc' dir='ltr'><strong>τῶν</strong></span> <span class='ocrx_word' id='word_1_363' title='bbox 1027 4150 1151 4212; x_wconf 80' lang='grc' dir='ltr'>στερεῶν</span> <span class='ocrx_word' id='word_1_364' title='bbox 1174 4163 1200 4199; x_wconf 89' lang='grc' dir='ltr'><strong>τι</strong></span> 
     </span>
     <span class='ocr_line' id='line_1_37' title="bbox 70 4240 1200 4320; baseline 0.004 -30"><span class='ocrx_word' id='word_1_365' title='bbox 70 4240 197 4303; x_wconf 80' lang='grc' dir='ltr'>σωμάτιον</span> <span class='ocrx_word' id='word_1_366' title='bbox 222 4243 273 4296; x_wconf 81' lang='grc' dir='ltr'>εἷθ’</span> <span class='ocrx_word' id='word_1_367' title='bbox 297 4243 373 4298; x_wconf 82' lang='grc' dir='ltr'>οὕτω</span> <span class='ocrx_word' id='word_1_368' title='bbox 398 4245 626 4312; x_wconf 83' lang='grc' dir='ltr'>περιπλάττουσι,</span> <span class='ocrx_word' id='word_1_369' title='bbox 655 4246 818 4320; x_wconf 78' lang='grc' dir='ltr'>τὸναοτὸν</span> <span class='ocrx_word' id='word_1_370' title='bbox 843 4247 950 4314; x_wconf 83' lang='grc' dir='ltr'>τρόπον</span> <span class='ocrx_word' id='word_1_371' title='bbox 971 4248 988 4309; x_wconf 91' lang='grc' dir='ltr'>ή</span> <span class='ocrx_word' id='word_1_372' title='bbox 1012 4245 1096 4311; x_wconf 83' lang='grc' dir='ltr'>φύσις</span> <span class='ocrx_word' id='word_1_373' title='bbox 1121 4244 1200 4309; x_wconf 73' lang='lat' dir='ltr'><strong>heom·</strong></span> 
     </span>
    </p>
   </div>
   <div class='ocr_carea' id='block_1_10' title="bbox 71 4336 1199 4503">
    <p class='ocr_par' dir='ltr' id='par_1_12' title="bbox 71 4336 1199 4503">
     <span class='ocr_line' id='line_1_38' title="bbox 71 4336 1199 4408; baseline -0.004 -14"><span class='ocrx_word' id='word_1_374' title='bbox 71 4336 225 4404; x_wconf 76' lang='grc' dir='ltr'>μῑθύργηκεν</span> <span class='ocrx_word' id='word_1_375' title='bbox 251 4340 282 4393; x_wconf 81' lang='grc' dir='ltr'><strong>ἐκ</strong></span> <span class='ocrx_word' id='word_1_376' title='bbox 304 4344 365 4393; x_wconf 83' lang='grc' dir='ltr'><strong>τῶν</strong></span> <span class='ocrx_word' id='word_1_377' title='bbox 386 4343 501 4406; x_wconf 82' lang='grc' dir='ltr'>σαρκῶν</span> <span class='ocrx_word' id='word_1_378' title='bbox 518 4341 551 4393; x_wconf 87' lang='grc' dir='ltr'>τὸ</span> <span class='ocrx_word' id='word_1_379' title='bbox 571 4343 653 4408; x_wconf 80' lang='grc' dir='ltr'>Ζῷον,</span> <span class='ocrx_word' id='word_1_380' title='bbox 678 4343 705 4391; x_wconf 92' lang='lat' dir='ltr'><strong>iu</strong></span> <span class='ocrx_word' id='word_1_381' title='bbox 724 4341 765 4391; x_wconf 92' lang='lat' dir='ltr'><strong>his</strong></span> <span class='ocrx_word' id='word_1_382' title='bbox 786 4349 912 4392; x_wconf 91' lang='lat' dir='ltr'><strong>nontam</strong></span> <span class='ocrx_word' id='word_1_383' title='bbox 931 4350 1023 4392; x_wconf 89' lang='lat' dir='ltr'><strong>natura</strong></span> <span class='ocrx_word' id='word_1_384' title='bbox 1042 4355 1100 4388; x_wconf 91' lang='lat' dir='ltr'><strong>cum</strong></span> <span class='ocrx_word' id='word_1_385' title='bbox 1119 4339 1199 4403; x_wconf 85' lang='lat' dir='ltr'><strong>figulo</strong></span> 
     </span>
     <span class='ocr_line' id='line_1_39' title="bbox 71 4435 818 4503; baseline 0.012 -24"><span class='ocrx_word' id='word_1_386' title='bbox 71 4445 137 4493; x_wconf 87' lang='lat' dir='ltr'><strong>quarn</strong></span> <span class='ocrx_word' id='word_1_387' title='bbox 155 4435 273 4486; x_wconf 85' lang='lat' dir='ltr'><strong>animalia</strong></span> <span class='ocrx_word' id='word_1_388' title='bbox 292 4452 350 4485; x_wconf 87' lang='lat' dir='ltr'><strong>eum</strong></span> <span class='ocrx_word' id='word_1_389' title='bbox 369 4437 492 4503; x_wconf 87' lang='lat' dir='ltr'><strong>operibus</strong></span> <span class='ocrx_word' id='word_1_390' title='bbox 511 4435 609 4498; x_wconf 85' lang='lat' dir='ltr'><strong>figlinis</strong></span> <span class='ocrx_word' id='word_1_391' title='bbox 629 4445 818 4502; x_wconf 88' lang='lat' dir='ltr'><strong>comparantur.</strong></span> 
     </span>
    </p>
   </div>
   <div class='ocr_carea' id='block_1_11' title="bbox 156 4526 813 4598">
    <p class='ocr_par' dir='ltr' id='par_1_13' title="bbox 156 4526 813 4598">
     <span class='ocr_line' id='line_1_40' title="bbox 156 4526 813 4598; baseline 0.006 -18"><span class='ocrx_word' id='word_1_392' title='bbox 156 4526 168 4563; x_wconf 72' lang='lat'><strong>5</strong></span> <span class='ocrx_word' id='word_1_393' title='bbox 186 4531 285 4581; x_wconf 86' lang='lat' dir='ltr'><strong>Seneca</strong></span> <span class='ocrx_word' id='word_1_394' title='bbox 305 4548 345 4597; x_wconf 90' lang='lat' dir='ltr'><strong>ep.</strong></span> <span class='ocrx_word' id='word_1_395' title='bbox 364 4532 407 4592; x_wconf 87' lang='lat'><strong>30,</strong></span> <span class='ocrx_word' id='word_1_396' title='bbox 428 4531 512 4586; x_wconf 73' lang='lat' dir='ltr'><strong>11,cf.</strong></span> <span class='ocrx_word' id='word_1_397' title='bbox 533 4531 616 4582; x_wconf 90' lang='lat' dir='ltr'><strong>Zeller</strong></span> <span class='ocrx_word' id='word_1_398' title='bbox 633 4531 650 4582; x_wconf 89' lang='lat' dir='ltr'><strong>l.</strong></span> <span class='ocrx_word' id='word_1_399' title='bbox 671 4547 694 4586; x_wconf 80' lang='lat' dir='ltr'><strong>c,</strong></span> <span class='ocrx_word' id='word_1_400' title='bbox 713 4549 739 4598; x_wconf 88' lang='lat' dir='ltr'><strong>p.</strong></span> <span class='ocrx_word' id='word_1_401' title='bbox 754 4530 813 4584; x_wconf 79' lang='lat'><strong>157.</strong></span> 
     </span>
    </p>
   </div>
   <div class='ocr_carea' id='block_1_12' title="bbox 0 0 1472 4994">
    <p class='ocr_par' dir='ltr' id='par_1_14' title="bbox 0 0 1472 4994">
     <span class='ocr_line' id='line_1_41' title="bbox 0 0 1472 4994; baseline 0 0"><span class='ocrx_word' id='word_1_402' title='bbox 0 0 1472 4994; x_wconf 95' lang='lat' dir='ltr'><strong> </strong></span> 
     </span>
    </p>
   </div>
  </div>
 </body>
</html>
