2910 4994
680 411 683 418 .
766 341 801 397 26
876 359 880 370 ¹

212 517 384 595 philosophi
404 527 436 576 et
458 517 648 594 grammatici
668 517 710 576 nil
731 535 794 576 non
812 507 987 593 ‘problema
1009 513 1150 577 iecerint*
1162 512 1183 588 ¹,
1203 519 1362 577 mirumne

213 629 364 686 videbitur
396 629 481 705 quod
508 629 595 686 huius
623 628 732 686 aetatis
758 628 850 688 homo
879 627 987 687 fabulis
1018 629 1083 687 istis
1111 609 1203 686 fidem
1233 631 1361 688 minime

211 755 280 795 esse
303 739 514 813 derogandam
536 755 628 796 ausus
650 747 698 797 est
713 735 945 797 demonstrare?
973 740 1022 798 An
1040 740 1196 798 miraberis
1220 758 1291 796 enm
1314 739 1358 794 ad
1440 735 1441 782 l

118 923 120 930 Ι
212 847 331 915 Stoicos
358 865 392 904 se
420 848 592 922 adplicasse
625 847 711 921 quasi
745 844 911 922 patronos?
951 847 1039 921 Quos
1065 857 1188 906 constat
1220 848 1359 905 omnium

211 957 343 1016 maxime
365 956 396 1013 id
417 958 525 1030 egisse,
545 966 578 1014 nt
601 957 706 1032 quoad
721 955 785 1014 eins
803 956 866 1015 fieri
886 966 1001 1032 posset,
1024 958 1188 1034 populares
1203 959 1243 1014 de
1261 957 1357 1014 rebus

212 1065 321 1121 divinis
346 1065 506 1139 opiniones
533 1065 747 1124 confirmarent
773 1074 804 1124 et
833 1074 939 1123 contra
972 1067 1108 1124 irrisores
1140 1065 1357 1135 defenderent,

211 1257 409 1268 ——————-

212 1401 290 1436 mann
312 1386 346 1435 de
369 1387 470 1436 caussis
493 1392 519 1435 et
541 1393 609 1438 auct.
628 1394 722 1438 namet.
742 1388 776 1436 de
797 1387 971 1440 mutstormis
994 1403 1022 1453 p.
1038 1384 1073 1439 58
1088 1402 1146 1452 sqq.
1172 1385 1216 1452 [cf.
1234 1387 1361 1436 Meinelre

212 1482 290 1534 anall.
309 1483 389 1534 Alex.
408 1499 434 1548 p.
447 1481 500 1535 269
514 1483 574 1550 sq.].
610 1485 750 1534 Praeterea
774 1484 924 1534 meminisse
947 1483 1061 1550 expedit,
1091 1499 1169 1549 quam
1193 1483 1270 1533 multi
1296 1489 1361 1532 tunc
1442 1527 1443 1546 ,

212 1577 376 1644 θαυμασίων
402 1586 428 1657 et
456 1579 627 1644 παραδόξων
654 1581 794 1645 scriptores
824 1580 961 1632 extiterint.
997 1581 1033 1632 V.
1058 1581 1254 1631 Westermanni
1279 1581 1360 1629 Para-

213 1679 323 1739 doxogr.
342 1677 423 1743 prael.
443 1684 470 1726 et
488 1693 554 1742 quae
573 1677 681 1743 exponit
696 1678 771 1727 Marx
789 1675 898 1730 θήσων.
918 1675 1050 1731 Miirclren
1074 1692 1126 1730 von
1144 1673 1241 1730 donin.
1262 1674 1362 1729 Τίασα

213 1790 240 1838 p.
255 1772 306 1826 133
316 1790 374 1839 sqq.

312 1870 384 1935 Ceyx
408 1878 435 1920 et
453 1870 576 1936 Alcyone
598 1887 644 1920 cur
667 1871 696 1919 in
714 1886 775 1920 aves
795 1877 908 1921 mutatae
928 1871 986 1932 sint,
1011 1871 1079 1920 duae
1098 1876 1235 1920 narrantur
1252 1885 1360 1920 causae.
1443 1915 1444 1940 ἶ

106 2026 108 2030 ,
213 1967 306 2018 Altera
331 1967 427 2029 legitur
450 1968 478 2016 in
503 1967 583 2019 schol.
597 1959 684 2019 'Arist
702 1970 754 2019 Av.
773 1965 827 2020 250
851 1974 878 2016 et
899 1967 985 2018 schol.
1003 1967 1080 2019 Iliad.
1097 1967 1140 2016 XI
1158 1965 1212 2019 562
1240 1965 1315 2031 Κῆυξ
1343 1967 1360 2018 ὁ

214 2063 376 2131 Φωσφόρου
400 2067 453 2115 του
473 2062 592 2128 ἀστέρος
609 2061 701 2128 γήμας
717 2059 874 2129 Ἀλκυόνην
897 2063 951 2127 τὴν
977 2062 1088 2130 Αἰόλου,
1117 2063 1187 2128 μέγα
1210 2061 1361 2129 φρονήσας

214 2161 259 2225 ἐφ’
286 2161 379 2226 ἑαυτῷ
401 2158 465 2223 θεὸς
489 2159 621 2225 ἐβούλετο
643 2158 816 2224 νομίζεσθαι·
841 2159 938 2225 διόπερ
959 2161 977 2225 ἦ
997 2175 1028 2213 τε
1050 2159 1157 2224 γαμετὴ
1182 2159 1227 2212 διὰ
1250 2159 1361 2223 παντὸς

214 2256 307 2310 ἐκάλει
325 2256 381 2310 Δία
405 2256 501 2322 αὐτόν,
527 2257 656 2321 κάκεῖνος
672 2256 762 2323 Ἥραν
783 2257 838 2322 τὴν
856 2261 984 2320 γυναῖκα.
1021 2255 1094 2319 Ζευς
1111 2257 1142 2310 δὲ
1160 2247 1361 2322 όγαναιιτὴσας
1444 2297 1445 2320 ,

215 2352 484 2418 μετέβαλεναὺτοὺς
502 2352 541 2417 εἰς
554 2353 639 2419 ὄρνεα
657 2353 742 2419 χωρὶς
760 2352 890 2418 ἀλλήλων
909 2355 1023 2417 βιοῦντα
1042 2353 1108 2414 κτὲ.,
1128 2354 1159 2404 cl.
1175 2355 1253 2404 etiam
1273 2355 1359 2406 schol.

109 2476 113 2484 ·
214 2451 325 2501 Theocr.
340 2449 449 2510 VI153.
467 2449 593 2517 Apollod.
612 2449 664 2510 17.
680 2449 704 2510 4,
724 2450 809 2501 Clem.
822 2450 866 2502 Al.
879 2455 959 2514 protr.
972 2441 1000 2512 4ss
1012 2448 1048 2502 54
1059 2466 1085 2516 ρ.
1098 2448 1133 2501 47
1146 2451 1175 2501 Ρ,
1196 2447 1231 2516 [ν.
1245 2449 1275 2503 C.
1290 2451 1359 2499 Keil

215 2563 284 2612 spec.
298 2548 440 2598 onomatol.
454 2563 492 2611 gr.
506 2564 532 2612 p.
544 2545 561 2598 6
571 2544 639 2614 sqq.]
675 2547 769 2597 Altera
782 2546 912 2596 invenitur
925 2546 994 2612 apud
1007 2546 1085 2597 Ovid.
1099 2553 1160 2599 met.
1171 2547 1215 2595 XI
1225 2545 1279 2629 273
1289 2563 1360 2614 sqq„

214 2643 283 2694 Serv.
305 2652 330 2694 et
349 2645 428 2697 Prob.
451 2646 479 2694 in
497 2645 577 2707 Verg.
596 2659 685 2707 georg.
703 2646 718 2693 Ι
737 2643 798 2710 399,
821 2644 904 2696 Prob.
927 2644 955 2692 in
973 2659 1061 2707 georg.
1080 2642 1200 2703 111338.
1225 2643 1357 2708 mythogr.
1445 2701 1446 2704 Ἴ

215 2741 274 2792 Vat.
294 2742 308 2790 Ι
325 2741 350 2798 9.
370 2741 467 2806 Hygin.
487 2742 540 2792 sab.
559 2738 609 2794 65:
627 2737 701 2807 Ceyce
719 2738 838 2808 Hesperi
855 2738 909 2794 sine
926 2737 1053 2795 Luciferi
1071 2743 1096 2792 et
1106 2737 1261 2792 Philonidis
1279 2738 1358 2804 filius

212 2853 271 2892 cum
289 2837 320 2889 in
339 2836 485 2905 naufrapio
496 2877 497 2880 ,
501 2836 592 2904 periit.
605 2836 724 2906 Alcyone
732 2834 812 2889 Aeoli
829 2840 854 2890 et
864 2836 990 2904 Aspicies
1006 2834 1067 2902 filio
1085 2851 1155 2890 μασι·
1169 2835 1227 2888 eins
1243 2841 1359 2904 propter

213 2949 331 2987 amorem
350 2935 414 3002 ipra
435 2950 463 2987 se
484 2933 515 2987 ι’νι
537 2949 612 2988 mare
630 2931 836 3002 praecipitavit.
872 2931 926 3003 Qui
942 2931 1052 2986 deornm
1069 2931 1260 2986 misericordia
1278 2933 1360 2986 ambo

213 3030 404 3110 inanescunt
423 3029 529 3083 mutati.
565 3033 650 3096 Hanc,
671 3031 712 3080 cui
733 3030 829 3080 similia
852 3037 912 3082 sunt
933 3030 961 3079 in
979 3029 1032 3080 hoc
1049 3029 1163 3092 dialogo,
1183 3029 1358 3080 recentiorem

215 3144 273 3178 esse
292 3129 341 3179 illa
359 3129 517 3179 testimoniis
536 3128 564 3178 id
577 3129 684 3194 quidem
702 3143 756 3178 non
773 3128 906 3194 probatur,
925 3127 972 3178 sed
991 3142 1033 3177 res
1051 3128 1111 3193 ipsa
1128 3127 1230 3177 videtur
1250 3128 1361 3180 docere.

214 3226 253 3275 At
273 3241 334 3275 num
353 3241 379 3276 re
397 3241 459 3275 vera
476 3225 589 3276 Ovidius
608 3225 769 3276 Nicandrum
793 3232 896 3275 secutus
919 3225 953 3274 sit
977 3223 1020 3290 [ci.
1039 3223 1185 3276 Schneider
1203 3223 1264 3276 Nic.
1283 3241 1310 3289 p.
1323 3223 1360 3276 68

215 3329 241 3372 et
261 3322 360 3372 Rohde
376 3320 475 3390 priscii.
489 3319 595 3374 Roman
613 3339 639 3388 p.
654 3320 706 3374 125
723 3319 805 3389 adn.]‚
823 3337 884 3371 num
901 3321 1035 3370 Nicander
1052 3321 1151 3386 primns
1170 3319 1288 3370 fabulam
1306 3321 1361 3370 hoc

215 3407 294 3468 modo
314 3420 456 3469 narraverit
475 3426 519 3469 ant
538 3418 644 3484 quando
663 3425 720 3468 orta
741 3419 787 3469 sit:
816 3417 882 3467 nihil
905 3417 1000 3467 horum
1020 3417 1134 3468 omnium
1153 3423 1264 3468 constat.
1300 3419 1361 3467 No·

214 3516 266 3565 bili
283 3505 397 3582 quodam
415 3524 511 3583 poetae
529 3515 701 3566 Alexandrini
720 3515 834 3565 carmine
853 3514 1009 3564 celebratam
1028 3529 1086 3565 esse
1103 3513 1197 3580 Ceycis
1216 3521 1243 3564 et
1258 3514 1361 3579 Alcyo-

143 3633 146 3638 “
214 3630 262 3663 nes
281 3613 408 3664 fortunam
430 3614 493 3663 inde
517 3627 621 3679 qnoque
644 3611 761 3677 colligas,
789 3612 860 3678 quod
880 3611 973 3661 Cicero
996 3610 1147 3676 Halcyones
1169 3625 1266 3677 poema
1290 3627 1362 3661 com·

215 3711 312 3777 posuit.

313 3807 354 3856 Ex
381 3806 564 3857 vetustioribus
591 3806 741 3872 Alcyonem
769 3806 851 3855 fertur
879 3805 1014 3870 scripsisse
1044 3803 1216 3870 Epicharmus
1247 3801 1361 3870 [Athen.

215 3905 286 3954 XIV
301 3902 376 3956 6le
398 3912 425 3954 et
439 3903 532 3969 Apoll.
550 3903 631 3968 Dysc.
651 3904 682 3953 de
702 3919 776 3969 pron.
794 3919 820 3969 p.
833 3900 869 3954 80
882 3900 954 3968 Bk.],
972 3901 1102 3952 Phormus
1127 3901 1214 3950 socius
1234 3901 1291 3950 eius
1309 3902 1363 3951 Al·

216 4016 313 4066 cyones
331 3997 413 4067 [Suid.
433 3999 450 4051 i.
470 3998 512 4066 v.].
549 3998 644 4050 Iahnio
668 3977 722 4049 non
741 3997 866 4052 Ἀλκυών
889 3999 935 4048 sed
958 3992 1126 4060 Ἀλκυονεύς
1150 3997 1230 4047 luisse
1256 3997 1362 4048 titulum

215 4096 366 4147 comoediae
383 4096 535 4162 Epicharmi
558 4096 697 4146 conicienti
718 4111 801 4160 aeque
824 4094 930 4145 difficile
953 4101 994 4144 est
1012 4094 1137 4144 adsentiri
1158 4099 1237 4158 atque
1256 4094 1362 4144 dissen-

216 4194 270 4244 tire.
306 4193 340 4244 V.
350 4191 476 4242 Welclrer
493 4184 542 4245 Κλ
553 4189 688 4258 Schriften
707 4193 721 4242 I
737 4208 765 4258 p.
775 4190 837 4258 300,
856 4191 924 4241 Iahn
940 4192 968 4239 in
981 4198 1031 4243 act.
1045 4205 1099 4241 soc.
1118 4189 1169 4241 litt.
1180 4189 1274 4241 Saron.
1290 4188 1362 4244 1853

217 4306 242 4355 ρ.
256 4287 317 4349 135,
335 4287 515 4338 Wilamowitz
534 4287 568 4336 de
586 4286 677 4352 Eurip.
695 4287 776 4337 Herc.
795 4287 810 4335 1
828 4300 855 4351 p.
866 4283 919 4338 334
938 4285 999 4338 adn.
1020 4283 1080 4337 124.

316 4381 327 4419 ¹
345 4387 388 4434 De
405 4383 458 4434 illis
470 4399 494 4434 ν.
504 4383 595 4433 Prantl
609 4380 744 4435 notandi.
757 4373 782 4434 d.
793 4379 893 4450 Bit-per.
904 4379 992 4435 Atad.
1007 4379 1033 4434 d.
1050 4379 1133 4434 Ψόαν.
1144 4383 1184 4431 VI
1193 4397 1218 4447 p.
1229 4379 1281 4433 341
1292 4398 1361 4450 sqq.‚

217 4483 249 4536 de
267 4481 308 4532 his
327 4480 412 4531 Lehrs
431 4478 577 4542 Aristarch.
596 4474 608 4514 ²
627 4496 653 4546 p.
667 4477 719 4531 199
728 4493 785 4544 sqq.
