2910 4994
803 367 837 432 18

346 551 480 616 Alterum
500 557 615 618 eratin
639 557 747 628 tooiii
762 562 812 618 est
826 559 944 618 omnia
962 573 1065 632 posse
1085 549 1166 618 deo:
1190 573 1243 616 arx
1258 555 1398 617 omnium

249 667 302 741 qui
323 675 451 724 naturae
478 668 538 782 leqi
561 669 719 742 obrogant,
732 675 734 678 '
747 667 871 725 rationis
894 666 1090 740 naufragium.
1136 668 1178 724 At
1199 686 1303 725 nonne
1332 670 1399 726 cla·

248 784 311 833 mat
328 771 489 834 Galenusl
510 773 595 836 τοῦτ’
619 771 696 842 ἔστι,
720 770 789 836 καθ’
812 771 837 835 ὃ.
853 777 911 850 τῆς
934 771 1081 850 Μωσέως
1101 771 1199 851 δόξης
1221 772 1240 851 ἥ
1265 773 1292 836 θ’
1318 775 1397 852 ἡμε-

246 881 324 960 τέρα
339 882 391 946 καὶ
400 881 580 960 Πλάτωνος
602 883 654 947 καὶ
675 881 695 959 ἡ
717 885 783 946 τῶν
805 880 913 946 ἄλλων
927 879 1087 961 τῶνιπαρ
1102 881 1258 961 Ἕλλησιν
1283 881 1398 960 ὀρθῶς

247 992 557 1070 μεταχειρισαμένων
579 993 656 1069 τοὺς
678 992 749 1071 περὶ
770 992 904 1070 φύσεως
928 991 1047 1070 λόγους
1070 992 1231 1070 διαφέρει·
1263 995 1309 1074 τῷ
1334 993 1398 1070 μὲν

245 1100 308 1178 γὰρ
334 1098 424 1179 ἀρκεῖ
452 1101 491 1165 τό
515 1103 710 1180 βουληθῆναι
735 1101 793 1166 τὸν
821 1101 899 1164 θεὸν
920 1104 1083 1178 κοσμῆσαι
1111 1101 1170 1178 τήν
1198 1099 1287 1179 ὕλην,
1314 1102 1335 1179 ἢ
1366 1103 1400 1164 δ’
1442 1179 1443 1186 ¹

246 1210 342 1289 εὐθὺς
364 1210 567 1290 κεκόσμηται,
590 1210 694 1275 πάντα
716 1211 779 1289 γὰρ
799 1208 880 1275 εἶναι
896 1215 941 1292 τῷ
957 1215 1021 1294 θεῷ
1040 1211 1164 1275 δυνατὰ
1179 1210 1307 1288 νομίζει,
1331 1208 1398 1274 κᾶν
1442 1215 1443 1236 ³

201 1387 205 1396 ,
246 1319 274 1382 εἰ
296 1319 354 1397 τὴν
374 1320 497 1399 τέφραν
517 1320 617 1386 ἵππον
638 1322 657 1399 ἢ
682 1324 760 1400 βοῦν
788 1321 894 1384 ἐθέλοι
919 1322 1036 1385 ποιεῖν·
1063 1319 1153 1398 ἡμεῖς
1174 1317 1202 1384 δ’
1224 1318 1286 1396 οὐχ
1302 1317 1397 1382 οὕτω

245 1429 465 1507 γινώσκομενῖ
511 1433 627 1509 Volgus
655 1442 757 1491 autem
786 1451 941 1507 graecum,
970 1433 1056 1508 quod
1077 1449 1184 1490 manus
1206 1433 1248 1489 ad
1270 1432 1397 1488 caelum

247 1543 396 1609 elevabat,
419 1560 505 1600 sacra
529 1541 670 1616 faciebat,
693 1551 764 1600 vota
783 1543 990 1617 nuncupabat,
1013 1542 1134 1600 oracula
1157 1541 1293 1616 petebat,
1317 1541 1396 1616 quin

247 1653 411 1711 crediderit
431 1654 561 1710 deorum
584 1653 701 1710 numini
722 1653 829 1709 omnia
855 1668 971 1727 parere,
998 1650 1150 1726 piaculum
1177 1625 1311 1706 miretur
1342 1651 1399 1724 qui

247 1759 404 1819 dubitat2.
448 1761 556 1835 Neque
591 1779 663 1818 vero
697 1761 757 1818 hoc
786 1759 933 1818 diffitetur
961 1759 1106 1818 Galenus.
1151 1757 1212 1816 Sed
1245 1776 1285 1815 ne
1312 1758 1399 1816 inter

247 1869 445 1946 philosophos
478 1871 603 1946 quidem
627 1871 720 1926 -id
753 1871 839 1944 quod
869 1877 931 1926 tam
960 1867 1130 1944 praefracte·
1159 1876 1253 1942 negat
1277 1868 1329 1925 ille
1357 1900 1393 1908 -

247 1978 418 2047 defuerunt,
452 1996 540 2054 quoe,
568 1997 636 2036 cum
666 1979 860 2053 opinionibus
886 1977 967 2052 vulgi
997 1986 1116 2035 tantum
1145 1977 1256 2034 darent
1284 1984 1318 2032 ut
1340 1995 1395 2034 eas

248 2087 366 2144 ratione
387 2090 549 2166 munirent,
572 2089 685 2146 vellent
708 2089 825 2146 nollent
848 2088 926 2146 sicut
946 2088 987 2144 ad
1009 2104 1093 2146 aram
1112 2087 1277 2161 confugere
1299 2087 1396 2143 inter·
1443 2129 1444 2132 ι

247 2196 321 2254 dum
348 2205 504 2272 oporteret
530 2198 571 2254 ad
599 2199 731 2255 omnium
761 2215 861 2254 rerum
886 2205 1106 2272 praepotentes
1133 2197 1220 2255 deos,
1265 2194 1338 2268 Quo
1363 2197 1395 2254 in

247 2323 385 2375 numero,
410 2313 443 2364 ut
462 2306 535 2364 nihil
557 2308 656 2364 dicam
679 2307 719 2363 de
735 2305 907 2381 Porphyriis
932 2314 965 2363 et
985 2305 1168 2387 lamblichis,¹
1192 2304 1393 2393 fueresstoici

249 2415 444 2472 divinationis
466 2415 602 2474 vindices
626 2417 772 2474 acerrimi.
815 2417 898 2474 Audi
913 2405 1036 2473 Cottam
1057 2432 1113 2472 eos
1135 2416 1390 2490 compellantem:

230 2524 295 2585 ‘aas
315 2527 392 2585 enim
414 2528 472 2599 ipsi
493 2528 589 2586 dicore
610 2528 707 2586 soletis
727 2527 805 2586 nilril
824 2529 974 2601 essequod
994 2529 1065 2586 dens
1087 2524 1198 2597 eiicere
1218 2543 1278 2585 non
1296 2529 1393 2598 possit

246 2635 409 2708 etquidem
430 2637 492 2694 sine
516 2636 614 2694 labore
635 2637 713 2706 nllo;
740 2639 773 2693 et
799 2637 876 2694 enirn
898 2636 1046 2694 laminam
1071 2636 1197 2696 ιιιαιιιόνο
1218 2635 1304 2694 natta
1325 2653 1394 2694 oon·

247 2744 372 2804 tentione
397 2749 490 2803 mente
515 2747 582 2817 ipsa
611 2763 646 2803 aa
671 2745 818 2804 oolnntate
847 2719 1027 2817 moveantar:
1059 2747 1102 2804 sio
1131 2717 1248 2803 numine
1269 2723 1393 2804 deornm

248 2855 346 2913 omnio
366 2854 440 2927 inei
460 2855 569 2913 moueri
584 2855 750 2927 notarique
761 2871 857 2927 posse.
901 2855 1001 2929 Neque
1023 2855 1054 2913 iai
1068 2855 1168 2914 dicitis
1190 2855 1395 2926 superstitiose

245 2966 331 3036 atque
351 2964 481 3032 aniliter,
508 2964 559 3023 seii
585 2964 708 3037 physica
734 2966 933 3038 constantique
961 2966 1085 3023 ratione.
1129 2963 1290 3022 Materiam
1316 2965 1393 3021 enim

245 3089 355 3139 reram,
379 3088 416 3130 ea
430 3091 488 3146 qno
510 3075 537 3132 et
560 3074 590 3130 in
612 3090 670 3146 qno
692 3075 788 3131 onznia
809 3073 879 3144 sint,
901 3077 992 3131 totam
1012 3089 1073 3132 esse
1093 3073 1250 3143 (esibilem
1270 3077 1297 3130 et
1318 3090 1392 3131 oom-
1444 3053 1445 3062 ό

246 3179 423 3258 enatabilem,
445 3186 484 3238 nt
508 3181 604 3240 nihil
631 3183 683 3240 sit
714 3184 808 3256 qaod
834 3199 906 3240 non
933 3198 973 3240 aa
1002 3199 1041 3241 ea
1063 3183 1237 3254 quanvis
1262 3181 1394 3240 satin

232 3446 315 3495 inter
334 3461 362 3495 se
382 3453 513 3512 comparat
532 3446 645 3512 scriptor
663 3454 690 3496 et
712 3448 883 3513 proportione
906 3447 1059 3511 coniungiav
1076 3462 1174 3496 memor
1192 3446 1226 3496 sit
1244 3445 1391 3495 Heraclitei

245 3541 314 3592 illius
340 3541 411 3608 ἀνὴρ
435 3541 536 3608 νήπιος
557 3543 662 3608 ἤκουσε
686 3544 757 3609 πρὸς
780 3542 913 3608 δαίμονος
934 3543 1063 3610 όκωςπερ
1086 3547 1151 3605 παῖς
1180 3542 1250 3606 πρὸς
1280 3539 1393 3608 ἀνδρός,

245 3645 274 3688 ut
294 3639 421 3704 Origenes
446 3640 479 3689 de
502 3640 603 3694 orati>
633 3641 842 3704 ἀπολειπόμεθα
865 3641 894 3694 be
918 3640 945 3694 oi
968 3641 1113 3708 ἄνθρωποι
1132 3641 1229 3692 πλεῖον
1249 3637 1319 3707 <roo
1340 3643 1392 3692 νοθ

245 3737 295 3786 ins.
309 3735 436 3805 Bentley>
459 3741 511 3789 τοθ
531 3740 606 3798 θεοῦ,
626 3737 699 3805 ἤπερ
717 3737 753 3790 τὰ
772 3739 872 3806 κομιδῇ
891 3736 987 3790 παιδία
1005 3741 1057 3790 τοῦ
1075 3740 1127 3789 νοθ
1145 3739 1205 3788 τῶν
1226 3736 1393 3800 γεγεννηκό-

244 3847 305 3884 των
324 3831 381 3900 (Ps.
394 3834 505 3885 Aristot.
526 3835 560 3885 de
579 3834 677 3885 mundo
695 3833 712 3886 6
729 3851 755 3900 ρ.
767 3833 845 3887 3981)
861 3835 895 3896 1).
925 3834 997 3885 Vide
1014 3835 1090 3884 etiam
1105 3850 1183 3900 supra
1198 3849 1224 3898 p.
1239 3832 1273 3885 16
1292 3833 1354 3884 adu.
1368 3833 1392 3886 2.

344 3926 356 3964 ¹
380 3930 414 3979 de
437 3947 486 3980 usu
505 3932 616 3995 partium
635 3931 678 3980 XI
698 3930 732 3982 14
749 3931 803 3982 vol.
822 3932 862 3980 111
880 3947 906 3997 p.
919 3929 972 3984 905
987 3932 1033 3992 K..
1053 3931 1085 3983 cl.
1105 3931 1220 3996 Bemays
1246 3927 1331 3982 [seber
1349 3927 1394 3982 die

244 4029 324 4078 taeter
334 4024 451 4078 Philone
466 4024 577 4080 Walten
595 4025 829 4092 stebendeScltrist
846 4025 910 4079 tiber
928 4025 972 4078 die
986 4023 1233 4080 Unrnstirltarlceit
1250 4023 1296 4079 ties
1314 4024 1394 4080 Welt-

245 4121 299 4175 alls
317 4139 342 4188 p.
357 4121 391 4174 16
409 4122 533 4190 (Mueller
551 4123 699 4176 adPhilon.
719 4124 752 4173 de
771 4123 877 4189 opificio
898 4124 990 4174 mundi
1007 4139 1033 4188 p.
1047 4123 1121 4190 210),
1140 4122 1232 4173 Celsus
1252 4123 1323 4188 apud
1333 4123 1394 4173 Ori-

244 4234 338 4282 genem
356 4217 381 4267 V
401 4217 443 4272 14.

297 4299 299 4305 ¹
344 4309 357 4349 ²
373 4316 409 4367 V.
431 4330 454 4368 e.
473 4331 498 4380 g.
518 4318 563 4368 Ps.
581 4316 674 4369 Iustin.
694 4317 728 4366 de
746 4322 883 4368 resurrect.
902 4331 928 4382 p.
941 4314 1022 4370 59οό
1040 4331 1097 4366 cum
1116 4315 1279 4382 adn.'0tto.‚
1308 4315 1392 4368 Clem.

244 4411 325 4464 Alex.
346 4418 433 4464 strom.
453 4414 479 4462 V
498 4411 531 4464 14
549 4429 575 4478 ρ,
589 4413 641 4466 708
653 4415 684 4472 Ρ,
703 4414 735 4464 G.
749 4414 795 4463 W.
814 4413 923 4462 Nitzseh
946 4410 990 4465 otte
1009 4411 1177 4480 Heidensape
1196 4409 1243 4464 der
1260 4409 1391 4464 Grieclten

243 4509 270 4556 in
290 4509 383 4560 Studd.
403 4507 499 4576 philol.
521 4507 616 4560 Kilon.
636 4525 661 4574 p.
675 4508 727 4561 418
739 4525 797 4575 sqq.
