2910 4994
788 351 823 410 22

153 577 156 588 1
231 545 365 623 addicit:
387 546 518 620 alloquia
533 545 641 616 fortius
655 546 742 616 ιῖιιοιιι
757 545 804 602 sui
818 561 991 618 suorumque
1010 546 1172 615 poteretur.
1194 543 1222 601 si
1242 542 1380 614 sperarat

231 657 263 712 nt
284 653 383 713 οιιιυία
403 653 466 725 illa,
488 655 531 713 sio
553 655 641 712 ouum
663 657 836 726 mortemque
847 669 903 725 ριν
925 623 1000 711 uicos
1021 653 1065 710 tre
1087 655 1113 710 et
1134 654 1291 724 composita
1316 649 1380 708 clis-

231 763 312 836 soloi‚
335 762 479 821 dissoluto
500 763 647 834 caupona·
669 762 701 819 ln
719 761 771 820 aa
793 775 878 833 opera
899 763 1047 818 aeternam
1069 761 1162 818 artem
1183 762 1289 817 cuncta
1312 759 1383 816 iem·

232 871 367 944 perantia
388 871 436 929 dei
450 872 523 930 oerlt
532 864 553 929 ¹.
598 869 720 930 Grande
732 868 822 944 igitur
835 869 975 928 solacium
996 871 1038 927 est
1050 883 1115 927 aum
1128 869 1263 926 uniuerso
1277 868 1347 939 rapi
1357 861 1381 925 2.
1433 845 1434 884 l

233 979 356 1037 Nullum
367 979 507 1038 solacium
519 980 615 1038 motas
627 981 669 1038 ost
683 979 785 1036 mortis
797 995 884 1051 quam
898 979 965 1050 ipso
974 977 1138 1036 mortalitas
1147 970 1166 1033 3.
1184 973 1252 1033 Hoc
1264 975 1382 1032 solacio

234 1087 328 1144 utitur
339 1086 498 1162 Epictetus
506 1083 529 1155 4,
546 1087 604 1144 hoc
621 1086 769 1143 Maximus
787 1085 894 1162 Tyrius
910 1082 932 1162 ⁵,
945 1086 1004 1142 hoc
1018 1115 1052 1126 -
1068 1092 1099 1141 ut
1113 1085 1230 1142 mittam
1247 1084 1323 1142 alios
1340 1115 1378 1124 -
1434 1129 1435 1152 ,

233 1195 275 1254 M.
298 1191 493 1255 Antoninus⁶
514 1195 645 1270 imagine
668 1196 706 1252 ab
730 1203 796 1252 arte
817 1193 952 1268 fingendi
980 1193 1130 1253 adhibita:
1162 1189 1270 1268 ἡτῶν
1293 1187 1382 1254 ὅλων

102 1380 104 1386 ,
235 1301 334 1380 φύσις
357 1299 394 1364 ἐκ
415 1303 473 1378 τῆς
501 1298 581 1377 ὅλης
609 1299 725 1378 οὐσίας
754 1299 810 1377 ὡς
843 1302 968 1378 κηροῦ
1001 1302 1070 1363 νῦν
1100 1300 1167 1377 μὲν
1193 1297 1383 1377 ἱππάριον

158 1417 161 1422 “
235 1409 403 1474 ἔπλασε·
426 1408 636 1488 συγχέασα
662 1409 704 1473 δὲ
726 1411 854 1481 τοῦτο,
882 1408 939 1487 εἰς
966 1407 1242 1487 δενδρύφιον7
1269 1422 1382 1472 συνε·
1435 1445 1436 1448 =

235 1516 411 1595 χρήσατο
433 1522 476 1601 τῇ
502 1516 570 1602 ὕλῃ
594 1517 730 1582 αὐτοῦ·
767 1515 853 1582 εἶτα
884 1517 940 1598 εἰς
967 1515 1262 1596 ἀνθρωπάριον·
1296 1515 1385 1580 εἶτα

236 1624 293 1704 εἰς
328 1625 426 1691 ἄλλο
457 1643 509 1691 τι·
544 1627 684 1692 ἕκαστον
717 1629 754 1692 δὲ
785 1626 911 1692 τούτων
929 1627 1028 1706 ’πρὸς
1057 1626 1221 1703 ὀλίγιστον
1249 1625 1384 1703 ὑπέστη.

237 1735 344 1800 δεινὸν
374 1737 410 1800 δὲ
441 1736 538 1802 οῦδὲν
570 1738 608 1802 τὸ
637 1740 824 1814 διαλυθῆναι
850 1743 897 1822 τῷ
925 1737 1067 1820 κιβωτίῳ,
1101 1736 1215 1815 ὥσπερ
1240 1735 1317 1800 οὐδὲ
1345 1738 1385 1800 τὸ

240 1847 453 1922 συμπαγῆναι.
496 1849 604 1925 Neque
619 1851 742 1909 aliunde
764 1851 875 1909 nisiex
897 1851 999 1908 medio
1021 1851 1138 1926 porticu
1161 1850 1237 1932 haec
1254 1867 1380 1926 quoque

239 1958 370 2033 repetita
397 1976 467 2016 esse
493 1961 554 2017 iam
581 1961 697 2035 liquido
725 1970 863 2036 apparet,
883 1977 964 2036 quae
983 1959 1163 2018 Plutarchus
1184 1959 1312 2034 exponit
1336 1959 1384 2014 vel

176 2125 180 2136 ,
241 2066 377 2142 quisquis
394 2078 439 2126 est
461 2069 520 2144 qui,
541 2080 575 2126 ut
596 2071 790 2144 Apollonium
804 2071 1021 2144 consolaretur,
1045 2069 1229 2146 argumentis
1247 2068 1386 2126 testimo·
1437 2049 1438 2056 ἵ

241 2175 298 2232 niis
321 2177 467 2250 exemplis
492 2177 657 2236 hincinde
679 2179 812 2238 collectis
835 2179 917 2237 velut
938 2196 1084 2237 coronam
1102 2181 1207 2236 nexuit
1218 2172 1249 2235 8¹:
1271 2174 1301 2238 τί
1322 2175 1386 2252 γὰρ

240 2283 278 2344 τὸ
300 2281 445 2360 χαλεπόν
468 2282 537 2346 ἐστι
558 2283 611 2346 καὶ
632 2284 670 2347 τιλ
685 2287 849 2349 δυσανιῶν
871 2285 907 2350 έν
928 2289 974 2368 τῷ
994 2283 1158 2358 τεθνάναι;
1181 2285 1221 2347 ’τὰ
1242 2283 1304 2361 γὰρ
1326 2285 1388 2346 τοῦ
1438 2353 1439 2372 ¹

240 2389 382 2453 θανάτου
404 2389 527 2467 μήποτε
551 2391 602 2454 καὶ
624 2391 695 2455 λίαν
717 2391 790 2469 ἡμῖν
807 2391 886 2456 ὄντα
908 2391 1031 2470 συνήθη
1055 2392 1107 2456 καὶ
1130 2381 1266 2469 συμὶρυᾶ
1288 2388 1387 2453 πάλιν

239 2499 299 2562 οῦκ
321 2497 382 2563 οἶδ’
412 2497 502 2579 ὅπως
530 2503 675 2577 δυσαλγῆ
703 2503 792 2565 δοκεῖ
817 2499 905 2565 εἶναι.
948 2501 978 2564 τί
999 2501 1061 2579 γὰρ
1083 2499 1271 2577 θαυμαστὸν
1295 2499 1324 2562 εἰ
1347 2499 1385 2562 τὸ

204 2595 207 2602 ’
237 2607 358 2686 τμητὸν
381 2608 539 2687 τέτμηται,
555 2608 582 2672 εἰ
604 2609 773 2686 τὸτηκτόν
788 2608 945 2691 τέτηκται,
968 2607 995 2672 εἰ
1010 2611 1048 2673 τὸ
1063 2607 1205 2673 καυστὸν
1221 2607 1388 2680 κέκαυται,
1439 2655 1440 2664 ι

239 2717 327 2781 εἰτὸ
351 2718 498 2796 φθαρτὸν
518 2716 690 2796 έφθαρται;
718 2717 796 2782 πότε
826 2718 889 2795 γάρ
918 2718 954 2784 έν
979 2717 1054 2796 ἡμῖν
1078 2717 1191 2796 αὐτοῖς
1212 2716 1271 2781 οὐκ
1295 2716 1388 2782 ἔστιν

203 2853 208 2864 ·
239 2825 438 2904 ὁθάνατος;
470 2825 531 2905 καὶ,
553 2826 572 2908 ᾗ
596 2842 697 2906 φησιν
720 2817 1085 2911 Ἡράκλειτος,“ταύτῷ
1115 2825 1141 2890 τ’
1170 2824 1216 2890 ἔνι
1246 2828 1311 2891 ζῶν
1339 2825 1389 2889 καὶ

239 2935 394 3014 τεθνηκὸς
414 2935 466 2999 καὶ
483 2935 660 3015 ἐγρηγορὸς
673 2936 725 2999 καῖ
742 2938 900 3000 καθεῦδον
910 2936 962 3000 καὶ
976 2936 1052 3000 νέον
1068 2935 1121 2999 καὶ
1135 2935 1286 3013 γηραιόν·
1311 2934 1388 2998 τάδε

239 3046 301 3122 γὰρ
318 3044 542 3122 μεταπεσόντα
558 3043 665 3108 έκέῖνά
683 3045 751 3109 ἐστι
766 3043 897 3110 κάκεῖνα
913 3043 1007 3108 πάλιν
1020 3043 1244 3124 μεταπεσόντα
1261 3033 1389 3108 ταῦτα’.

240 3155 292 3232 ὡς
325 3154 400 3232 γὰρ
433 3155 476 3218 ἐκ
508 3157 578 3218 τοῦ
611 3154 739 3219 αὐτοῦ
770 3157 896 3232 πηλοῦ
924 3153 1092 3219 δύναταί
1118 3155 1175 3232 τίς
1205 3151 1390 3217 πλάττων

241 3266 319 3347 ζῷα
360 3266 518 3341 συγχεῖν
550 3265 613 3326 καὶ
648 3263 767 3328 πάλιν
800 3263 986 3328 πλάττειν
1024 3263 1086 3327 καὶ
1120 3264 1287 3341 συγχεῖν
1327 3263 1391 3326 καὶ

241 3375 362 3436 τοῦτο
396 3373 440 3436 ἓν
473 3370 557 3450 παρ’
589 3375 631 3437 ἓν
664 3375 794 3438 ποιεῖν
827 3371 1104 3450 ἀδιαλείπτως,
1138 3370 1241 3435 οὕτω
1275 3372 1343 3435 καὶ
1371 3368 1389 3445 ἡ

159 3479 160 3484 ’
241 3480 367 3559 φύσις
390 3481 425 3544 ἐκ
455 3486 514 3561 τῆς
537 3481 638 3561 αὐτῆς
665 3481 744 3560 ὕλης
775 3479 872 3545 πάλαι
901 3482 958 3559 μὲν
985 3481 1064 3559 τοὺς
1092 3479 1276 3559 προγόνους
1300 3479 1391 3560 ἡμῶν

242 3590 392 3668 ἀνέσχεν,
427 3587 497 3653 εἶτα
524 3593 673 3671 συνεχεῖς
701 3590 812 3671 αὐτοῖς
839 3590 994 3668 ἐγέννησε
1022 3590 1098 3667 τοὺς
1132 3589 1285 3668 πατέρας,
1323 3588 1390 3655 εἶτα

345 3806 355 3844 ¹
374 3809 475 3859 Seneca
495 3826 536 3876 ep.
552 3810 598 3870 ll,
621 3810 654 3863 13
673 3826 713 3877 sq.

343 3902 355 3940 ί
371 3906 440 3956 idem
459 3907 491 3957 de
511 3906 613 3972 provid.
633 3905 658 3968 5,
676 3906 702 3959 8.

344 3999 355 4035 ³
373 4002 445 4052 idem
463 4009 515 4054 nat.
535 4009 637 4070 quaest.
656 4003 696 4052 VI
714 4001 740 4069 2,
759 4002 784 4055 6.

343 4095 496 4165 4Ῥοῦφου
516 4099 625 4152 ἐκτῶν
645 4093 811 4164 Ἐπικτήτου
829 4099 892 4165 περὶ
910 4095 1003 4164 φιλίας
1021 4097 1094 4151 Stob.
1114 4098 1169 4150 flor.
1190 4096 1250 4165 108,
1269 4097 1314 4151 60.

345 4193 357 4230 ⁵
375 4197 443 4246 XLI
460 4194 486 4247 4.
683 4199 688 4206 '

345 4290 357 4327 ⁶
374 4293 430 4344 VII
448 4291 491 4345 23.

348 4386 359 4424 ⁷
378 4390 456 4442 codd.
476 4389 594 4456 δένδρου
612 4389 708 4457 φύσιν,
727 4406 778 4443 em.
797 4391 901 4443 Nauck.
984 4453 990 4468 .

347 4483 359 4521 ⁸
381 4504 402 4540 c.
417 4486 452 4539 10
469 4503 495 4553 p.
510 4485 560 4539 106
571 4487 588 4536 d
600 4501 657 4552 sqq.
