2910 4994
670 387 686 460 ί

96 560 296 640 Αἰσχίνου
329 560 366 624 o‘l
399 561 442 624 δὲ
475 558 729 631 Πολυαίνου,
769 547 965 636 Ἀντίμαχον
1002 557 1020 635 ἢ
1049 557 1251 638 Πρεσβύτας,

96 671 154 734 καὶ
190 670 288 749 οὗτος
325 671 512 748 διστάζεται,
544 670 713 746 σκυτικοὺς
746 668 872 746 λόγους,
909 669 961 732 καὶ
994 667 1134 746 τούτους
1169 669 1253 745 τινὲς

97 781 257 860 Αἰσχίνου
290 781 381 860 φασί,
414 803 478 842 nou
509 783 663 841 dubitabit
692 783 765 859 quin
793 781 823 840 in
848 781 961 841 Suidae
990 778 1088 839 verbis
1119 776 1250 841 Φαίδων

96 891 290 969 Πολύαινος
320 911 384 952 non
413 895 605 970 dialogorum
633 893 711 952 tituli
736 894 792 952 sed
822 894 947 952 nomina
973 894 1091 950 lateant
1122 891 1250 965 scripto-

96 1023 180 1074 rum,
207 1005 318 1081 quibus
346 1004 486 1080 dialogus
516 1004 562 1060 vel
590 1003 703 1077 dialogi
737 1012 829 1062 antea
857 1003 1087 1062 commemorati
1117 1002 1156 1060 ab
1187 1000 1253 1058 aliis

97 1115 207 1172 tributi
228 1122 309 1172 sunt.
344 1113 406 1172 Sed
428 1112 518 1170 facile
540 1123 587 1170 est
610 1129 798 1187 cognoscere
821 1114 973 1184 mendum,
997 1113 1122 1188 quando
1147 1118 1249 1169 autem

98 1225 135 1282 id
162 1225 263 1298 ipsum
290 1224 451 1282 obscurum
478 1231 526 1280 est
556 1224 597 1280 ad
620 1239 770 1297 quosnam
791 1223 931 1296 dialogos
955 1222 1027 1279 olim
1052 1221 1251 1298 pertinuerint

100 1333 198 1391 verba
220 1329 350 1393 Φαίδων
370 1328 555 1408 Πολύαινος
583 1323 611 1414 [i.
635 1350 660 1392 e.
691 1327 722 1392 οἳ
749 1329 785 1392 δὲ
808 1327 977 1405 Φαίδωνος
1003 1320 1253 1410 ἢΠολυαίνουλ

86 1443 234 1502 sanandi
262 1441 339 1499 ratio
367 1435 556 1499 difficilliorl.
601 1439 671 1513 Qua
693 1441 733 1498 de
756 1439 901 1515 quiequid
923 1447 1082 1509 statuetur,
1109 1457 1163 1498 eos
1186 1441 1252 1514 qui·

101 1555 188 1625 dem,
209 1553 260 1627 qui
275 1558 395 1626 praeter
410 1558 528 1626 septem
545 1549 696 1624 genuinos
711 1549 851 1624 dialogos
865 1548 1007 1607 Aeschini
1023 1549 1115 1607 etiam
1130 1557 1249 1625 septem

102 1663 223 1738 spurios
245 1679 263 1718 a
285 1661 381 1719 Suida
403 1660 493 1718 tribui
515 1661 762 1718 existimaverunt
773 1655 796 1736 2,
828 1659 951 1718 minime
980 1659 1153 1717 audiendos
1181 1675 1252 1716 esse

100 1771 278 1830 necessario
294 1771 437 1846 sequitur.
479 1771 541 1828 Sed
563 1771 649 1828 labor
671 1769 802 1846 longius:
828 1771 869 1826 ad
892 1753 1082 1845 propositum
1106 1776 1250 1828 revertar.

104 1881 247 1939 Dimissis
269 1880 359 1955 igitur
374 1881 488 1938 Laertii
509 1881 685 1956 Suidaeque
707 1879 858 1938 indicibus
881 1880 1098 1956 adgrediamur
1121 1879 1163 1936 ad
1185 1897 1257 1956 per·¹

105 1991 291 2050 scrutandos
313 1991 396 2066 ipsos
420 1990 548 2051 libellos.

581 2148 779 2164 ..p-..—

207 2303 370 2362 Ordiamur
384 2307 409 2363 si
424 2308 524 2382 placet
540 2308 579 2365 ab
595 2307 761 2383 Alcyone
776 2308 928 2381 dialogo
939 2302 960 2382 Β,
983 2324 1076 2382 quem
1090 2307 1182 2380 longe
1197 2308 1251 2364 ab·

106 2433 177 2472 esse
196 2434 215 2473 a
227 2415 382 2473 Socratica
398 2416 591 2493 simplicitate
607 2417 653 2473 vel
669 2417 742 2473 inde
757 2424 914 2491 appareat,
937 2416 1022 2490 quod
1044 2416 1152 2472 sedulo
1174 2414 1249 2471 hia·

104 2537 178 2583 tum
196 2527 331 2584 vitavit
352 2527 488 2603 scriptor.
535 2525 644 2601 Neque
665 2527 747 2584 enim
768 2527 911 2584 articulos
934 2525 1172 2602 qualescumque
1194 2542 1248 2581 ne·

106 2655 168 2712 que
189 2631 241 2696 καὶ
255 2636 432 2711 particulam
451 2635 572 2695 efficere
588 2653 680 2711 quern
695 2637 780 2694 vitari
803 2636 970 2711 oportuerit
991 2635 1107 2692 hiatum
1129 2635 1251 2692 notissi-

207 2872 218 2911 ¹
236 2877 317 2927 Error
335 2877 374 2927 sic
391 2880 495 2929 videtur
515 2884 587 2928 ortus
601 2893 668 2940 esse,
686 2877 714 2927 id
733 2878 805 2942 quod
813 2878 914 2927 Vsener
932 2891 974 2926 me
987 2883 1082 2937 monet,
1099 2883 1129 2926 ut
1141 2891 1252 2925 eri-mar·

107 2975 168 3037 gine
187 2975 362 3024 additamenta
381 2975 425 3042 [ex
437 2977 546 3025 Vseneri
565 2976 714 3027 coniectura
732 2972 852 3041 Ἐρυξίας
870 2971 1098 3040 ἢἘρασίστατος
1116 2980 1141 3023 et
1159 2985 1252 3026 σκυτι-

108 3069 160 3136 κυί,
179 3067 206 3123 οἳ
224 3070 256 3124 δὲ
276 3069 424 3135 Φαίδωνος
441 3071 459 3136 ἢ
478 3069 653 3138 Πολυαίνου]
674 3071 742 3122 male
764 3072 895 3138 discerpta
917 3071 998 3120 textui
1017 3071 1180 3120 inferrentur.

207 3163 364 3218 ²Welcker
381 3184 448 3220 mus.
467 3169 556 3220 Rhea.
575 3169 602 3217 11
620 3185 645 3234 p.
657 3166 720 3235 402,
740 3169 769 3220 C.
778 3169 809 3219 F.
819 3170 955 3217 Hermann
973 3166 990 3219 l.
1003 3182 1025 3216 c.
1044 3182 1070 3232 p.
1086 3165 1138 3220 585
1156 3183 1181 3220 n.
1194 3165 1253 3219 182.

109 3261 236 3314 Nitzsche
255 3279 322 3316 mus.
342 3264 416 3314 rhen.
437 3265 525 3314 XXV
546 3281 571 3330 p.
583 3261 636 3316 228
647 3279 704 3332 sqq.

207 3354 219 3392 ³
237 3359 361 3410 Traditur
378 3361 406 3410 in
423 3360 497 3411 libris
516 3377 577 3413 mss.
597 3367 624 3410 et
640 3360 782 3410 Platonicis
799 3367 826 3409 et
843 3359 992 3410 Lucianeis
1013 3360 1054 3410 De
1072 3359 1125 3410 illis
1144 3360 1176 3412 cs.
1188 3362 1252 3410 Her·

109 3455 197 3505 manni
215 3457 296 3522 praef.
315 3474 341 3522 p.
356 3459 398 3507 111
416 3465 441 3508 et
459 3459 496 3511 X.
533 3458 643 3509 Luciani
662 3459 689 3508 in
707 3458 841 3508 codicibus
862 3458 992 3508 secundae
1011 3456 1103 3506 classis
1123 3464 1162 3506 est
1180 3458 1252 3507 velut

109 3554 136 3602 in
155 3553 280 3603 Vaticano
299 3554 335 3606 90
359 3552 403 3619 [ef.
421 3555 557 3606 Fritzsche
580 3555 695 3606 Advers.
711 3555 752 3604 VI
776 3553 908 3605 Rostoch.
935 3550 1033 3620 1881j2
1058 3560 1085 3602 et
1107 3554 1253 3604 Rothstein

111 3651 215 3713 Quaest.
233 3650 297 3702 Luc.
315 3665 341 3715 p.
354 3649 450 3718 3sqq.]
472 3660 498 3701 et
515 3653 542 3701 in
558 3651 715 3701 Florentino
736 3649 780 3716 [cf.
794 3649 886 3700 Vitelli
905 3665 970 3701 mus.
983 3649 1040 3701 Ital.
1059 3651 1073 3698 1
1091 3666 1117 3715 p.
1129 3649 1162 3702 15
1173 3650 1253 3716 sqq.],

108 3747 139 3798 ci.
158 3745 235 3796 etiam
248 3745 455 3797 Summerbrodti
472 3748 514 3800 ed.
533 3766 558 3815 p.
570 3747 630 3800 203.
674 3748 768 3812 Neque
788 3753 875 3796 tamen
894 3761 939 3796 cur
956 3745 1023 3796 inter
1035 3745 1164 3796 Lucianea
1182 3763 1254 3796 rece·

109 3852 167 3912 ptus
186 3843 221 3894 sit
238 3845 346 3910 Alcyon
365 3843 407 3914 [cf.
426 3847 560 3897 Fritzsche
578 3848 641 3898 Luc.
661 3848 701 3896 III
720 3845 737 3898 2
754 3862 780 3912 p.
794 3843 885 3913 LXII]
905 3860 989 3910 neque
1008 3844 1125 3910 quando,
1142 3858 1251 3909 possum

110 3941 236 3993 evincere.
267 3941 351 3992 Nihili
370 3943 439 3992 enim
459 3950 519 3993 sunt
537 3958 604 4008 quae
622 3943 686 3993 dicit
698 3943 794 3993 Ranke
808 3943 842 3992 de
854 3941 960 3992 Polluce
972 3948 998 3990 et
1010 3943 1073 3990 Luc.
1092 3956 1117 4004 p.
1133 3939 1165 3991 16
1184 3939 1252 3988 ‘Iam

108 4039 150 4087 diu
168 4037 327 4103 Halcyonem
352 4021 495 4090 Lucisneis
517 4040 634 4090 additum
655 4039 735 4090 fuisse
757 4046 786 4089 ut
808 4055 822 4088 e
846 4038 952 4088 scholiis
970 4036 1004 4104 jin
1032 4036 1099 4086 hunc
1121 4033 1253 4098 dialogum

109 4131 211 4199 scriptis
229 4133 265 4184 ita
283 4150 314 4184 ex
331 4140 483 4204 συναγωγῇ
499 4136 602 4190 λέξεων
620 4134 766 4202 χρησίμων
784 4135 815 4189 ἐκ
833 4139 885 4188 τοῦ
899 4135 1056 4187 Λουκιανοῦ
1074 4131 1252 4194 intellegimus

109 4229 300 4280 aBachmanno
318 4217 402 4298 nuper
420 4233 492 4283 edito
505 4234 609 4285 Anecd.
628 4235 656 4282 II
673 4250 699 4299 p.
712 4231 764 4285 317
780 4230 844 4298 sqq]
866 4229 912 4297 [ibi
931 4247 957 4296 p.
968 4229 1060 4296 34⁷‚5
1078 4229 1176 4292 legitur
1194 4243 1253 4280 νεο-

109 4323 200 4388 γιλλύς
217 4321 279 4378 ἀντὶ
297 4331 349 4379 τού
369 4327 485 4391 νεογνὸς
504 4335 634 4395 sumptum
654 4344 686 4378 ex
706 4326 810 4378 scholio
830 4328 907 4377 tertio
921 4327 1038 4392 Alcyoui
1057 4325 1209 4392 adscripto]‚
1229 4342 1255 4376 v.

109 4406 251 4472 Rothstein
267 4421 286 4474 1.
304 4438 327 4474 c.
346 4438 371 4489 p.
386 4421 427 4476 14.
468 4424 577 4474 Constat
599 4424 677 4488 igitur
701 4424 766 4475 nihil
792 4423 902 4498 amplius
922 4439 999 4488 quam
1022 4422 1127 4474 saeculo
1150 4423 1254 4473 decimo

111 4520 178 4570 hunc
198 4518 331 4582 dialogum
351 4518 402 4569 iam
420 4521 448 4570 iu
467 4521 576 4571 Luciaui
594 4521 719 4572 librorum
738 4537 844 4572 numero
863 4521 952 4572 luisse.
