2910 4994
635 361 669 428 19

72 543 171 626 fiuqi
196 549 433 625 convertique
464 553 608 623 poss-im
640 553 702 610 eius
731 555 826 611 eutem
853 550 1009 612 uniuersae
1037 547 1222 623 uictricemei

70 660 294 752 moderatricem
315 661 446 720 divinem
470 676 532 720 esse
554 661 895 733 montemtremitum
923 662 989 736 iqiir
990 681 1026 735 er,
1048 679 1223 736 quocumque

72 785 104 826 se
126 773 247 839 moveat,
270 749 383 840 efficere
409 786 494 842 posse
516 771 654 844 quecquid
677 764 778 830 oeliil
823 769 909 826 Talia
930 770 1070 844 probanti
1092 780 1222 846 putasne

73 875 242 952 quicquam
263 894 322 951 ne„
306 877 381 934 corii
404 877 469 935 sore
488 878 534 934 vel
557 876 762 936 transformat
741 887 857 938 tronum
880 878 997 936 fabulas
1020 873 1213 941 defendere?

176 985 360 1044 Rationibus
386 995 417 1044 et
431 987 532 1044 causis
554 986 766 1044 deficientibus
782 988 970 1046 concurritur
990 989 1031 1044 ad
1053 988 1225 1047 similitu·
1292 1064 1299 1072 Ι

73 1094 200 1162 dines,
224 1095 333 1169 quibus
355 1095 457 1155 referti
486 1112 555 1152 esse
585 1095 687 1152 solent
716 1095 781 1152 libri
803 1091 1052 1172 philosophorum
1081 1096 1125 1154 eis
1151 1115 1225 1172 quae

73 1207 203 1264 naturae
224 1205 341 1264 medum
355 1207 495 1264 enceduut
510 1204 723 1262 auctoritatem
739 1214 771 1262 et
785 1203 878 1262 fidem
899 1204 1019 1262 adferre
1035 1206 1224 1263 conantium.

73 1311 165 1368 Idem
187 1311 268 1370 hunc
290 1311 397 1370 fecisse
414 1314 592 1388 scriptorem
615 1313 758 1372 videmuS.
804 1315 906 1388 Atque
919 1314 1005 1398 ,ultro
1028 1315 1056 1370 ei
1079 1331 1112 1372 se
1133 1314 1224 1371 obtu-

73 1420 150 1477 lisse
170 1421 348 1494 putabimus
370 1439 462 1496 quam
485 1439 509 1482 c.
530 1423 546 1480 7
569 1423 713 1497 proponit
736 1421 965 1480 similitudinem

228 1548 322 1590 uouue
343 1533 432 1607 uideo,
455 1549 526 1604 ques
548 1545 617 1590 cere
640 1536 708 1606 irqit
731 1533 893 1606 seuumquln
914 1532 993 1604 fetus

229 1638 441 1711 uetituremu
461 1641 571 1713 epium,
595 1643 658 1699 siue
679 1641 815 1700 cumbris
837 1658 959 1713 corpore
982 1643 1065 1700 uesci

229 1752 256 1805 et
276 1765 411 1820 serosque
431 1749 519 1820 pedes
540 1765 676 1821 serosque
698 1764 846 1808 assumere
865 1749 1001 1821 pennos?

232 1860 258 1914 et
277 1873 371 1930 qeuus
393 1873 474 1916 omne
495 1859 594 1916 evium
614 1856 719 1916 mediis
739 1873 754 1916 e
770 1857 907 1930 portibus
929 1859 984 1929 ovi,

228 1968 260 2024 ui
282 1967 370 2026 seirei
388 1966 465 2036 lieri,
487 1967 554 2039 quis
575 1967 659 2024 uesci
678 1983 763 2040 posse
783 1961 949 2039 ριιιακυέέ2

81 2074 173 2146 Quae
200 2074 301 2148 paullo
329 2082 399 2132 ante
430 2073 570 2131 dicuntur
602 2075 643 2130 de
665 2072 837 2132 hominibus
864 2075 988 2148 legendi
1011 2076 1227 2153 scribendique

78 2183 228 2258 imperitis
259 2181 362 2242 neseio
389 2199 430 2238 an
448 2181 555 2242 *minus
585 2182 744 2238 miraturus
773 2181 823 2250 εἰς,
854 2183 878 2239 si
906 2183 937 2239 in
965 2187 1226 2258 comparationem
1303 2177 1306 2183 ’

79 2291 239 2348 vocaveris
255 2289 360 2366 Polyb.
382 2291 411 2348 X
428 2292 475 2364 47,
494 2291 510 2348 7
527 2307 593 2366 sqq.
616 2285 646 2350 εἴ
666 2307 715 2365 τις
735 2285 1030 2367 παραστησάμενος
1054 2287 1225 2369 ἄνθρωπον

79 2396 218 2475 ἄπειρον
242 2397 300 2474 μὲν
316 2395 368 2459 καὶ
390 2394 534 2474 ἀσυνήθη
561 2401 790 2476 γραμματικῆς,
812 2394 914 2460 τᾶλλα
935 2400 962 2459 θ’
985 2395 1147 2475 ἀγχίνουν,
1173 2399 1227 2462 κά-

78 2527 175 2570 πειτα
198 2504 368 2584 παιδάριον
389 2504 452 2570 ἕξιν
473 2504 549 2584 έχον
564 2505 779 2584 παραστήσας
796 2506 846 2570 καὶ
861 2506 941 2585 δοὺς
957 2507 1086 2586 βυβλίον
1102 2509 1227 2572 κελεύοι

82 2617 192 2691 λέγειν
224 2615 265 2679 τὰ
300 2615 514 2693 γεγραμμένα,
547 2617 647 2691 δῆλον
679 2615 725 2694 ὡς
752 2615 811 2678 οὐκ
836 2614 875 2678 ἂν
902 2615 1034 2680 δύναιτο
1059 2621 1229 2681 πιστεῦσαι

83 2765 284 2778 ...-.....-,-

411 2797 421 2834 ν

186 2857 196 2894 1
215 2859 274 2911 nc.-
286 2859 319 2910 ee
340 2834 484 2911 nusum.
504 2858 663 2920 11139‚92,
682 2861 714 2912 er.
734 2861 766 2910 ιε
780 2861 831 2913 nv.
844 2862 873 2910 11
886 2859 928 2920 ιτ,
940 2859 976 2914 σε
995 2868 1021 2910 ει
1039 2859 1082 2920 41,
1095 2861 1131 2914 ee
1150 2861 1231 2916 neue

79 2961 133 3022 est,
156 2955 296 3023 inquiunt,
320 2953 393 3023 queri
416 2954 480 3008 dene
504 2953 606 3021 efficere
630 2971 687 3008 nou
710 2955 806 3024 poerit.
847 2954 958 3010 Utinam
975 2957 1110 3022 sapienter
1126 2955 1230 3011 Stoicos

79 3051 219 3120 effecisset,
243 3068 276 3105 ue
298 3052 388 3104 σκυτέα
414 3067 474 3104 eum
495 3052 685 3118 superstitioso
707 3052 887 3106 sollieitudine
907 3058 932 3106 et
955 3052 1066 3107 miserie
1084 3053 1229 3108 crederent.

80 3141 257 3200 Philodemns
275 3151 339 3216 περὶ
359 3152 432 3203 θεῶν
456 3150 597 3215 διαγωγῆς
615 3167 645 3200 ea
664 3157 737 3216 parte
756 3168 823 3216 qnae
843 3151 931 3216 incipit
949 3149 1039 3216 ρ.147
1058 3153 1131 3202 Scott
1147 3153 1231 3216 ζητη-

79 3247 192 3310 θέντοής
210 3247 253 3312 δέ)
266 3245 343 3311 παρὰ
364 3247 442 3320 τήθην
461 3238 670 3313 [κομψολτέρων
689 3245 713 3298 εἰ
731 3251 790 3298 τῶν
809 3245 923 3310 κ(ακῶς)
941 3246 1078 3314 έχό(ντων
1097 3246 1190 3311 αἴτιοι)
1204 3246 1230 3299 οἱ

80 3343 151 3410 θεολ,
173 3344 205 3393 de
217 3343 311 3393 Stoicis
331 3322 396 3392 dicit
408 3359 434 3408 p.
448 3341 496 3394 15ss
515 3343 568 3406 τήν
582 3343 699 3416 δύναμιν
713 3383 718 3394 .
730 3382 736 3394 .
748 3383 754 3394 .
766 3345 811 3396 καλ
828 3347 881 3396 τοῦ
900 3342 1031 3407 uiuitur)
1049 3346 1166 3409 ποιήσαι
1184 3357 1230 3400 σο·

81 3441 159 3506 φοὺς
184 3441 230 3492 καλ
255 3439 344 3504 μηδὲν
367 3438 461 3504 κακόν,
488 3439 622 3504 etp.157
642 3440 687 3491 καλ
711 3440 781 3492 κατὰ
805 3441 858 3504 τὴν
877 3440 937 3502 (τοὺ
957 3440 1035 3504 tiron
1054 3440 1231 3507 (διαλροράβι

84 3537 245 3600 ἰλδιωτικιθς
266 3535 416 3601 (ἅπανλτος
435 3535 511 3602 αὐτῷ
532 3535 648 3599 δύναμιν
668 3535 826 3602 ἀναθέντες,
845 3535 938 3600 (ὅλταν
957 3534 1013 3586 ὑπὸ
1031 3539 1090 3590 τῶν
1108 3535 1232 3609 ἐλέγχων

81 3632 248 3698 πιέζωνται,
272 3631 338 3683 τότε
362 3631 590 3696 καταφεύγουσιν
615 3631 660 3683 ἐπὶ
678 3631 712 3684 τὸ
732 3631 777 3684 διὰ
797 3636 882 3684 τοῦτο
900 3631 1020 3697 φάσκειν
1038 3631 1074 3684 τὰ
1093 3634 1231 3685 συναπτό-

82 3745 155 3795 μενα
175 3729 212 3794 μὴ
237 3733 336 3792 ποιεῖν,
353 3727 397 3780 ὅτι
416 3727 450 3780 οιλ
469 3711 562 3780 πάντα
581 3727 706 3780 δύναται.

185 3821 296 3877 2Οτίιλ.
314 3831 375 3876 met.
388 3825 444 3873 XV
457 3823 511 3877 382
523 3840 580 3890 sqq
599 3823 651 3877 387
665 3839 704 3890 sq.
723 3825 838 3889 Cyrinus
856 3825 994 3877 Hieroso]
1014 3825 1114 3877 catech.
1133 3827 1232 3876 XVIII

82 3921 101 3974 8
124 3918 159 3988 [p.
174 3919 254 3974 2892
273 3919 399 3986 Touttte]
420 3921 453 3971 de
471 3920 607 3972 Phoenice
626 3937 673 3970 ave
692 3922 892 3971 resurrectionIs
913 3921 1026 3984 imagine
1041 3922 1174 3972 disserens
1195 3924 1231 3987 μὴ

84 4017 246 4086 ἀπιστήσῃς
259 4016 290 4070 δέ
308 4016 413 4085 τούτῳ,
435 4018 480 4068 καλ
502 4016 557 4083 γὰρ
579 4017 615 4070 τὰ
640 4019 779 4082 μελισσῶν
797 4016 959 4082 γεννήματα
977 4018 1054 4070 οὕτω
1075 4018 1183 4083 βλέπεις
1201 4019 1232 4072 έκ

83 4117 147 4167 τῶν
164 4113 320 4179 σκωλήκων
344 4113 528 4180 μορφοθμενα
552 4115 597 4166 καὶ
622 4114 650 4166 ἐξ
673 4114 739 4182 quim
761 4113 926 4179 ὑγροτάτων
946 4115 1106 4180 έθεώρησας
1124 4114 1233 4182 ὀρνέων

84 4210 177 4277 πτερὰ
196 4213 240 4264 καὶ
263 4209 348 4264 ὀστέα
377 4212 421 4263 καλ
445 4215 531 4277 νεθρα
556 4211 730 4278 έξερχάμενα.
768 4214 854 4280 Ηιιρο,
869 4213 976 4262 Grotius
1001 4213 1035 4262 de
1053 4212 1159 4262 veritate
1177 4212 1233 4262 reli-

6 4351 7 4380 ,
85 4307 176 4370 gionis
194 4306 357 4356 Christianae
376 4306 394 4359 l.
413 4308 441 4356 11
460 4315 524 4358 sect.
544 4307 587 4372 10,
606 4323 658 4373 qua
670 4306 928 4359 solvitur‘obiectio
948 4308 1012 4356 inde
1031 4286 1143 4375 sumpta,
1161 4309 1233 4373 quod

6 4383 8 4404 ι
83 4403 217 4454 dissoluta
235 4419 346 4469 corpora
364 4404 467 4458 restitui
486 4399 643 4468 nequeant’‚
669 4420 701 4452 ex
719 4403 808 4452 Plinio
826 4382 912 4452 'multa
930 4404 964 4453 de
984 4404 1134 4454 animalium
1154 4419 1231 4467 gene·

82 4501 188 4551 ratione
207 4501 358 4550 testimonia
373 4499 492 4562 collegit.
