2910 4994
627 371 658 441 it

56 558 224 626 efficiente¹
241 561 302 622 sive
324 563 395 624 deo.
438 562 545 638 Itaque
568 582 638 622 cum
661 564 735 620 dicit
757 564 885 637 scriptor
913 556 959 638 ῶς
985 549 1084 639 λόγος
1107 553 1212 640 τινῶν,

58 683 187 732 tantum
210 692 273 732 non
297 674 427 747 digitum
450 674 581 730 intendit
602 674 643 730 ad
665 673 786 730 Stoicos
808 673 1015 754 philosophos
1061 672 1139 731 Nam
1162 691 1215 730 cur

58 781 281 858 non'propria
309 800 414 840 eorum
444 793 570 857 usurpet
597 783 752 850 vocabula,
781 799 873 838 causa
900 791 947 840 est
974 783 1005 839 in
1033 783 1214 858 propatulo:
1250 813 1251 816 ¹

60 892 181 950 licetne
209 889 327 948 Socrati
353 892 419 954 luce
440 892 551 965 ,palam
574 891 707 948 Zenonis
741 891 787 946 vel
811 889 966 949 Cleanthis
991 891 1120 948 induere
1142 908 1211 967 per-

63 997 201 1058 sonam?

156 1109 305 1186 Panditur
331 1111 388 1179 via,
422 1110 516 1166 tutius
550 1111 609 1174 iam
639 1109 709 1166 licet
741 1110 828 1183 signa
854 1108 998 1183 proferre.
1044 1107 1144 1180 Quem
1172 1109 1213 1165 ad

62 1219 196 1276 modum
224 1219 285 1277 fere
317 1219 416 1276 solent
443 1227 652 1292 portentorum
680 1229 710 1276 et
734 1193 944 1276 miraculorum
966 1211 1096 1295 patroni,
1119 1218 1214 1274 tribus

62 1328 238 1386 rationibus
272 1328 322 1384 ille
357 1345 482 1385 causam
513 1345 601 1385 suam
624 1327 782 1384 defendit:
816 1337 849 1384 ut
882 1337 1015 1384 moneat⁴
1041 1345 1079 1383 ne
1109 1335 1236 1388 nostra.

65 1437 282 1494 aestimatione
298 1435 399 1494 fierine
413 1417 529 1511 aliquid
543 1421 642 1512 'possit
656 1453 753 1494 necne
768 1435 968 1494 diiudicemus
990 1429 1062 1496 οἷον
1085 1423 1214 1510 ἄτεχνοι

64 1545 223 1619 τεχνιτῶν
245 1540 391 1606 διάνοιαν
406 1539 472 1605 ἀπὸ
494 1541 590 1619 δόξης
605 1540 830 1619 καὶ’ὑττονοίας
853 1540 1016 1618 μετιόντες
1029 1539 1051 1612 1,
1073 1554 1106 1602 ut
1119 1555 1214 1620 neget

66 1671 142 1712 esse
167 1655 253 1730 quod
275 1655 351 1712 deus
374 1653 494 1717 efficere
520 1672 583 1712 non
604 1655 711 1730 possit,
739 1663 772 1712 ut
794 1649 1213 1728 adiungarsimilttudinest

156 1763 205 1821 De
216 1762 312 1839 primo
325 1765 409 1838 quod
421 1741 520 1821 toturn
532 1771 665 1820 versatur
675 1765 706 1821 in
717 1763 872 1824 humana
888 1763 1112 1820 infirmitate
1130 1781 1215 1838 prae·

68 1873 216 1940 dicanda,
242 1873 300 1930 nisi
324 1873 459 1948 volgaria
494 1891 616 1950 prorsus
639 1882 670 1930 et
692 1875 761 1930 trita
788 1891 851 1931 non
874 1880 1091 1948 proponuntur.
1138 1871 1216 1928 Illud

70 1999 198 2058 quoque
222 1977 383 2041 innitor
404 1978 515 2056 μικρὸς
538 1975 622 2042 πάνυ
639 1978 691 2041 καὶ
711 1977 860 2058 νεογιλὸς
882 1976 901 2041 ὁ
922 1979 980 2040 τοῦ
1002 1975 1071 2056 βίου
1093 1975 1215 2054 χρόνος

70 2085 156 2164 πρὸς
179 2087 236 2149 τόν
259 2085 351 2152 πάντ’
375 2085 477 2150 αἰῶνα
501 2086 540 2165 [c.
557 2085 590 2167 3]
621 2092 760 2149 certatim
788 2093 987 2149 decantatum
1016 2107 1084 2148 esse
1111 2109 1129 2146 a
1151 2091 1216 2166 phi-

73 2198 211 2273 losophis
235 2208 267 2256 et
289 2196 484 2259 oratoribus3
503 2209 599 2257 testes
622 2209 692 2258 sunt
715 2200 908 2276 Hipparchus
932 2199 1015 2274 Pyth.
1038 2200 1069 2256 iu
1091 2199 1219 2257 Stobaei

72 2307 137 2368 flor.
158 2310 230 2390 108,
253 2310 291 2367 81
315 2303 361 2383 ῶς
384 2304 466 2383 πρὸς
490 2305 549 2370 τόν
576 2305 738 2384 ξύμπαντα
767 2304 868 2370 αἰῶνα
897 2303 1075 2370 ἐξετάζοντι
1102 2303 1220 2383 βραχύ-

72 2412 327 2492 τατονέχοντες
349 2413 380 2478 οἱ
402 2413 566 2493 ἄνθρωποι
588 2415 646 2479 τόν
667 2417 725 2492 τᾶς
747 2417 834 2492 ζωᾶς
852 2415 982 2493 χρόνον,
998 2417 1105 2475 Cicero
1122 2417 1216 2476 Tusc.

73 2526 150 2594 139,
164 2527 213 2603 94,
235 2524 321 2612 Philo
337 2525 378 2584 de
391 2527 524 2603 Iosepho
536 2546 563 2603 p.
580 2530 618 2586 45
631 2527 673 2602 M,
696 2528 815 2585 Seneca
837 2535 870 2585 ut
893 2528 934 2583 ad
955 2527 1050 2588 Marc.
1075 2529 1115 2584 de
1132 2543 1216 2586 cons

75 2637 113 2693 21
143 2644 174 2692 et
200 2653 247 2711 ep.
270 2637 319 2710 99,
344 2639 383 2695 10
408 2646 439 2694 et
460 2639 509 2706 31,
543 2636 655 2695 Plinius
687 2647 748 2696 nat.
779 2637 848 2696 hist.
871 2636 930 2694 VII
948 2639 1032 2696 167:
1068 2637 1218 2696 Incertum

74 2761 109 2802 oc
129 2743 237 2818 franite
258 2750 301 2805 est
320 2747 374 2806 *hoc
393 2765 499 2811 munus
518 2751 653 2824 naturae,
675 2749 812 2823 quicquid
832 2751 922 2808 datur
944 2747 1038 2812 nobis,
1061 2747 1221 2820 mulionum

74 2869 142 2911 vero
170 2857 197 2912 ei
221 2855 303 2914 ἔναυε
330 2856 418 2914 etiarn
444 2855 477 2914 ῶι
504 2855 550 2914 llis
577 2857 682 2931 quibus
708 2858 872 2930 turpissime
897 2857 1025 2932 οοιιῶριῖι,
1052 2857 1222 2914 uniuersum

75 2962 174 3035 nilque
200 2965 263 3022 acui
285 2969 396 3038 tempus
422 2966 610 3034 intuentibus,
641 2964 715 3024 Plut.
746 2982 829 3049 cons.
851 2966 893 3022 ad
914 2964 1012 3040 Apoll.
1035 2982 1062 3039 p.
1082 2965 1168 3022 illc
1190 2972 1224 3019 et

79 3072 163 3130 117e
185 3079 218 3127 et
238 3072 279 3127 de
302 3089 370 3130 sera
391 3090 472 3132 num.
488 3074 569 3132 vind.
583 3091 611 3149 p.
627 3075 726 3150 554d,
747 3073 895 3131 Aristides
919 3090 962 3131 or.
976 3072 1020 3128 XI
1034 3091 1064 3146 p.
1081 3075 1118 3130 79
1134 3073 1219 3142 iebb,

78 3179 121 3237 M.
142 3179 315 3238 Antoninus
333 3179 362 3236 V
378 3177 449 3240 244.

177 3367 187 3404 ¹
205 3388 229 3423 v.
248 3372 318 3422 Plut.
338 3373 372 3422 de
392 3389 448 3423 sera
467 3389 536 3426 num.
551 3375 623 3424 vind.
644 3391 670 3440 p.
683 3373 735 3428 549
748 3376 761 3424 f
776 3391 834 3425 cum
853 3376 913 3426 adu.
926 3373 1125 3439 Wyttenbachii
1140 3389 1166 3437 p.
1179 3373 1222 3424 23.

176 3463 189 3502 2
206 3469 296 3518 Facile
313 3469 341 3518 id
360 3471 467 3537 quidem
488 3480 559 3520 esset
579 3488 665 3537 neque
684 3479 767 3522 tamen
787 3472 962 3522 necessarium
981 3473 1014 3522 de
1036 3470 1078 3520 his
1099 3470 1222 3518 omnibus

80 3579 112 3612 ex
131 3564 247 3629 patribus
268 3566 392 3626 ecclesiae
411 3574 437 3615 et
455 3567 515 3617 fidei
535 3568 726 3627 defensoribus,
750 3569 779 3617 in
798 3568 895 3633 quibus
920 3585 972 3617 nou
990 3566 1089 3632 ingenii
1109 3564 1223 3614 scintilla

79 3659 222 3708 Leibnitzii
242 3659 313 3718 later,
334 3676 439 3710 acervos
460 3663 638 3728 exemplorum
657 3678 807 3725 congerere.
835 3663 909 3726 Quae
922 3664 987 3711 scitu
1001 3663 1081 3724 digua
1094 3662 1225 3727 videntur,

7 3745 9 3758 '
80 3771 127 3805 suo
146 3755 207 3805 loco
229 3757 384 3810 adscribam.
416 3758 524 3808 Interim
544 3759 575 3810 cf.
589 3760 633 3812 Fr.
645 3758 755 3808 Nitzsch
767 3757 949 3826 Auyltstftttts'
962 3757 1049 3812 Lehre
1067 3773 1124 3811 tom
1140 3757 1224 3810 Wun-

7 3875 8 3878 ¹
80 3851 128 3904 dar
145 3869 170 3918 p.
183 3850 218 3904 49
229 3867 287 3918 sqq.

7 4011 8 4020 ἵ
125 3985 127 3990 .
179 3945 323 3998 ³Conferri
341 3957 453 4015 possunt
470 3951 486 4003 ὁ
505 3956 556 4004 τοῦ
579 3951 638 4016 βίου
658 3951 760 4019 χρόνος
778 3950 894 4016 orituri:
925 3952 1038 4002 Gataker
1056 3952 1089 4001 ad
1109 3953 1147 4003 M.
1166 3953 1223 4000 An·
1317 4003 1320 4014 ,

7 4021 8 4080 l
82 4056 135 4096 ton.
152 4043 240 4105 1117,
272 4046 453 4110 Wyttenbach
469 4047 511 4098 ,ad
528 4047 600 4100 Plut.
618 4064 644 4113 p.
659 4047 693 4100 13
706 4065 728 4107 e,
755 4056 781 4098 et
804 4047 942 4112 σπιθαμήτ
973 4047 1087 4098 Gataker
1111 4024 1231 4100 miscell,v

82 4160 107 4209 p.
120 4140 179 4206 rto,
198 4141 335 4206 δάκτυλος
353 4142 455 4208 ἁμέραι
474 4145 569 4194 Iacobs
589 4135 622 4194 ad
635 4145 746 4197 Anthol.
765 4147 779 4194 I
797 4150 822 4211 p.
835 4143 897 4204 213,
916 4144 1064 4210 πομφόλυξ
1081 4146 1097 4198 ὁ
1117 4146 1224 4210 ἄνθρω-

8 4235 9 4240 ’
82 4255 146 4304 not:
166 4239 317 4303 Krabinger
336 4248 361 4289 et
380 4241 445 4290 Iahn
464 4216 496 4291 ad
511 4241 620 4304 Gregor.
634 4243 713 4306 Nyss.
733 4243 766 4290 de
786 4257 826 4292 an.
846 4258 872 4306 p.
884 4240 943 4293 178.
980 4243 1086 4306 Ineptns
1104 4242 1237 4314 profecto

7 4359 8 4364 ¹
83 4351 174 4398 essem,
193 4336 214 4385 si
233 4351 333 4398 eorum,
352 4337 511 4402 quicumque
529 4339 597 4388 vitae
615 4338 769 4388 brevitatem
789 4345 833 4387 aut
853 4345 1046 4402 conqueruntur
1067 4348 1110 4388 aut
1129 4354 1223 4388 conso-

7 4393 9 4458 ᾗ
83 4436 173 4491 lentur,
193 4433 267 4482 locos
286 4435 445 4502 colligerem.

180 4525 192 4562 ⁴
210 4532 332 4581 Dubitari
352 4533 437 4597 possit
456 4548 489 4580 an
508 4547 566 4581 curn
586 4547 695 4596 puerum
715 4541 741 4582 et
760 4533 842 4580 virum
865 4533 889 4582 et
914 4533 991 4582 deum
1010 4533 1078 4599 (sive
1098 4533 1224 4599 naturam)
1293 4591 1294 4594 Ἴ

1010 4630 1027 4687 2
