2910 4994
817 379 852 450 20

265 563 345 631 διότι
367 564 415 631 δεῖ
437 567 567 646 πρῶτον
590 566 640 631 ἐπί
666 568 725 648 τὰς
753 566 846 646 ὄψεις
873 569 931 648 τὰς
956 568 1032 650 ἑνός
1062 565 1201 634 ἑκάστου
1223 567 1289 635 τῶν
1312 585 1397 646 γραμ·

264 676 374 754 μάτων
395 677 566 755 euronium
593 677 650 742 τόν
673 675 948 758 ἀναγινώσκοντα,
975 657 1129 756 δεύτερον
1154 677 1206 741 ἐπὶ
1232 679 1292 756 τὰς
1313 677 1398 743 δυνά-

264 805 341 864 μεις,
364 786 471 864 τρίτον
492 787 543 850 ἐπὶ
564 787 623 865 τὰς
644 787 726 865 πρὸς
748 785 873 865 ἄλληλα
900 786 1098 868 συμπλοκάς,
1120 785 1166 850 ὧν
1188 786 1328 850 ἕκαστον
1348 807 1395 849 πο-

262 897 325 957 σοίι
347 893 466 973 χρόνου
487 895 574 973 τινὸς
597 899 706 959 δεῖται.
749 875 863 973 διόπερ
885 894 964 960 όταν
994 894 1216 974 ἀνεπιστάτως
1242 901 1345 977 θεωρῇ
1365 896 1395 957 τό

262 1004 433 1084 παιδάριον
451 1004 514 1069 ὑπὸ
535 1004 594 1082 τὴν
610 1004 779 1082 ἀναπνοὴν
802 1005 882 1069 ἑπτὰ
903 1004 959 1068 καὶΙ
976 1004 1075 1078 πέντε
1090 1005 1223 1084 στίχους
1245 1007 1395 1082 συνεῑρον,

261 1113 321 1178 οὐκ
344 1113 384 1176 ἄν
406 1113 547 1192 εὐχερῶς
568 1113 699 1178 δύναιτο
729 1117 901 1178 πιστεῦσαι
929 1113 1010 1178 διότι
1036 1113 1197 1193 πρότερον
1225 1112 1323 1192 οὗτος
1345 1113 1394 1176 οὐκ

263 1215 427 1298 ἀνέγνωκε
451 1223 488 1286 τό
510 1221 656 1300 βυβλίον·
685 1221 712 1287 εἰ
734 1224 770 1286 δὲ
792 1222 845 1287 καὶ
865 1224 924 1300 τὴν
944 1219 1113 1301 ὑπόκρισιν
1135 1223 1187 1286 καὶ
1208 1223 1267 1300 τὰς
1290 1223 1393 1300 διαιρέ-

262 1346 342 1409 σεις,
369 1329 472 1395 ἔτιδὲ
495 1330 679 1408 δασύτητας
701 1331 753 1420 καὶ
768 1331 944 1411 ψιλότητος
960 1331 1090 1397 δύναιτο
1112 1334 1306 1416 συσσῴζειν,
1328 1334 1392 1396 οὐδὲ

179 1514 181 1518 ,
260 1444 390 1522 τελέως.

362 1555 423 1614 Sed
450 1556 616 1632 pleniorem
647 1557 827 1614 desiderant
848 1557 1087 1632 disputationem
1117 1557 1196 1615 haec
1226 1547 1265 1638 [c.
1283 1551 1327 1634 Ζί];
1349 1553 1390 1614 καί

260 1662 301 1726 τὰ
321 1660 474 1739 παιδάρια
495 1659 571 1738 παρ’
592 1659 665 1738 ἡμῖν
681 1661 721 1722 τὰ
739 1659 890 1724 πλάττειν
910 1661 1114 1740 ἐπιστάμενα,
1137 1663 1240 1740 πηλόν
1262 1663 1281 1738 ἢ
1304 1662 1389 1739 κηρὸν

261 1770 341 1835 όταν
365 1770 457 1853 λάβῃ,
481 1769 600 1850 ῥᾳδίως
627 1769 663 1832 ἐκ
691 1773 749 1833 τοῦ
780 1769 880 1833 αὐτοῦ
902 1770 1057 1849 πολλάκις
1080 1769 1178 1847 ὄγκου
1202 1786 1388 1850 μετασχημα-

259 1879 335 1945 τίΖει
356 1879 482 1956 πολλὰς
511 1876 607 1941 ἰδεῶν
629 1877 755 1956 φάσεις,
784 1883 830 1962 τῷ
852 1879 1006 1962 δαιμονίῳ
1034 1881 1071 1944 δὲ
1093 1878 1234 1958 μεγάλην
1257 1881 1307 1944 καὶ
1325 1879 1388 1944 οὐδὲ

261 1988 446 2067 συμβλητὴν
467 1987 628 2065 ὑπεροχὴν
645 1985 752 2064 ἔχοντι
765 1987 847 2064 πρός
863 1987 922 2066 τὰς
936 1985 1094 2066 ἡμετέρας
1118 1987 1269 2068 δυνάμεις
1289 1988 1387 2066 εὐχερῆ

201 2091 203 2094 ’
260 2097 359 2175 τυχὸν
381 2095 464 2173 ἴσως
487 2094 613 2160 ἅπαντα
635 2096 675 2159 τὰ
697 2099 829 2160 τοιαῦτα
857 2097 908 2160 καὶ
929 2097 1000 2161 λίαν
1015 2097 1035 2161 1.
1080 2101 1199 2160 Stoicos
1222 2103 1301 2160 enirn
1321 2101 1387 2158 simi·

172 2213 175 2221 '
261 2210 321 2266 lem
354 2212 395 2268 ad
428 2227 491 2266 rem
527 2210 654 2266 similem
689 2209 864 2268 adhibuisse
901 2211 1095 2268 collationem
1137 2219 1240 2286 potest
1277 2213 1386 2270 demon·
1422 2201 1423 2252 ἕ

260 2320 356 2376 strati.
407 2319 491 2389 Quid
517 2315 631 2377 multa?
674 2318 880 2378 Disertissime
914 2330 944 2378 et
973 2321 1148 2396 planissime
1181 2322 1255 2379 dicit
1280 2320 1385 2378 Tertul-

259 2430 357 2486 lianus
380 2429 502 2504 apolog.
528 2429 566 2486 47
601 2430 747 2489 Platonici
773 2431 887 2504 quietern
908 2435 1057 2490 curantem
1077 2449 1175 2490 rernm
1200 2430 1297 2503 [cleon
1316 2431 1384 2490 adsc-

258 2537 385 2610 ccront],
408 2543 509 2596 contro
531 2539 674 2610 Epicurei
696 2540 817 2598 otiosnrn
843 2543 870 2598 ct
894 2540 1086 2598 inexercitum
1109 2543 1136 2598 ct
1156 2543 1189 2598 nt
1210 2542 1254 2599 ito
1274 2537 1384 2598 niceno
1421 2579 1422 2620 t

259 2649 400 2706 neminem
415 2648 550 2704 trumonis
563 2647 659 2714 rebus,
679 2648 843 2718 positum
858 2663 945 2705 occo
964 2651 1071 2706 cntra
1092 2650 1257 2707 mnndum
1273 2646 1382 2716 Stoici,

258 2758 316 2830 ραι·
337 2754 565 2829 fiontinodo
580 2756 822 2814 extrinsecus
844 2761 1014 2830 torqueat
1034 2758 1272 2834 molernnonc,
1294 2758 1383 2813 intro

257 2867 428 2925 nondun
460 2864 658 2941 Pictonici,
693 2867 759 2939 qni
793 2866 1057 2940 pnbernotoris
1091 2867 1257 2940 exemplo
1290 2867 1382 2924 intro
1420 2927 1421 2930 ς

256 2976 298 3032 ici
315 2975 466 3032 moneat
487 2974 583 3045 qnod
599 2969 744 3045 reputt
789 2975 883 3050 Atqui
906 2982 960 3030 aut
983 2972 1060 3030 haec
1083 2984 1165 3032 stare
1186 2993 1247 3030 non
1270 2979 1381 3050 possunt
1420 2945 1421 2954 ί

259 3091 313 3140 aut
343 3061 409 3138 nec
429 3081 576 3139 Platonici
605 3099 664 3138 nec
689 3083 782 3143 Stoici
808 3085 864 3158 ipsi
892 3102 971 3159 quae
1003 3085 1108 3141 dicunt
1133 3084 1239 3156 sciunt.
1281 3084 1381 3156 Itaque,

236 3208 445 3266 vquamquam
478 3208 518 3246 ne
550 3191 592 3250 sic
625 3192 749 3266 quidem
781 3193 932 3250 difficilem
963 3192 1028 3249 fore
1057 3193 1238 3251 electionem
1267 3190 1380 3262 confido,

258 3312 485 3377 peropportune
502 3310 604 3359 tamen
618 3304 741 3380 accidit,
763 3313 797 3360 ut
813 3320 874 3379 quo
888 3303 996 3360 erroris
1014 3303 1210 3360 convincatur
1225 3303 1379 3378 apologeta.

204 3433 207 3443 ·
231 3470 241 3516 b,
260 3399 385 3486 praesto
408 3411 447 3467 sit
468 3411 675 3468 testimonium
692 3411 831 3470 Salviani.
874 3411 982 3487 Neque
1005 3413 1086 3470 enim
1109 3412 1235 3469 dubium
1256 3427 1321 3468 esse
1338 3422 1380 3481 po·

360 3657 370 3694 1
388 3662 430 3710 De
450 3660 502 3710 hoc
519 3661 579 3710 lusu
599 3678 656 3712 curn
677 3662 723 3711 alii
741 3669 845 3712 narrant
866 3659 1019 3728 [Bluemner
1031 3661 1155 3716 Generbe
1167 3660 1224 3714 und
1235 3659 1335 3714 Ktinslc
1348 3652 1380 3706 bn'

261 3757 393 3811 Grieclicn
412 3757 469 3810 nncl
488 3757 605 3811 Riimcrn
621 3760 687 3824 Hp.
702 3757 728 3826 1]
749 3767 802 3809 tum
822 3759 941 3824 evangel.
960 3758 1083 3810 infantiae
1102 3760 1187 3812 Arab.
1206 3757 1240 3811 36
1259 3756 1318 3810 (inm
1333 3765 1380 3804 cerv

262 3855 388 3908 dominns
407 3854 483 3906 Iesus
500 3859 597 3921 septem
616 3854 716 3907 aetolis
740 3869 807 3908 sune
830 3869 919 3908 onnes
937 3853 1125 3922 complevisset,
1147 3853 1193 3908 die
1211 3851 1318 3922 quodum
1333 3861 1379 3901 cuo

178 3991 180 3996 -
256 3951 348 4020 pneris
367 3949 761 4017 ocqnclibtrs...occsobotnr.
797 3949 941 4003 Licdcbont
966 3955 1054 4004 anton
1076 3949 1107 4002 in
1133 3950 1198 4013 into,
1221 3949 1289 4004 nocie
1313 3946 1378 3998 sinuo

245 4051 331 4102 ·lccrc
357 4046 495 4099 asinorum
518 4046 596 4100 boum
619 4046 709 4100 coium
733 4047 900 4114 aliorumque
925 4046 1085 4101 onintnlinm
1104 4047 1252 4116 stupebunt,
1274 4047 1304 4097 ci.
1321 4039 1378 4094 alli

258 4161 347 4209 evang.
365 4143 486 4193 Thomas
505 4146 532 4194 A
551 4143 577 4208 2,
598 4145 621 4193 B
638 4143 664 4204 3,
682 4144 898 4197 Pseudo-Matth.
917 4143 959 4197 27.
1116 4127 1118 4132 Ι

356 4238 368 4276 2
388 4241 421 4291 ct.
440 4239 473 4288 ad
492 4240 586 4289 nation.
601 4238 658 4290 112
675 4237 796 4306 positum
812 4253 874 4292 occo
891 4243 969 4292 estro
982 4237 1108 4292 nuncium
1119 4237 1213 4308 Stoici,
1231 4239 1302 4291 intro
1314 4233 1376 4287 'ncn-

259 4339 322 4392 con
341 4336 489 4390 Platonici.
526 4336 591 4384 Levi
610 4335 734 4385 bracchio
753 4336 813 4398 egit,
833 4336 878 4401 qui
896 4337 961 4386 haec
975 4352 1006 4385 ex
1019 4337 1143 4388 Varronis
1157 4353 1239 4386 rerum
1253 4335 1375 4384 divinarunt

256 4434 450 4501 antiquitatibus
473 4432 611 4495 desumpta
636 4445 695 4479 esse
723 4431 813 4479 statuit
838 4431 980 4481 Schmelrel
1006 4432 1041 4488 de
1062 4432 1192 4482 Ovidiana
1216 4431 1375 4497 Pythagoreas

255 4530 391 4594 doctrinae
408 4527 605 4578 adumbratione
625 4525 736 4592 [Gryph.
757 4526 837 4591 1885]
857 4543 883 4591 p.
897 4526 931 4579 44
950 4544 1008 4594 sqq.
1039 4523 1042 4528 ’
