2910 4994
625 363 661 418 23

65 541 169 620 ἡμᾶς,
195 537 251 603 εἶτ’
276 538 396 619 ἄλλους
418 536 466 603 ἐπ’
482 538 593 618 ἄλλοις
609 537 831 616 ἀνακυκλήσει.
866 537 959 602 καὶὸ
981 543 1040 616 τῆς
1056 537 1220 614 γενέσεως

66 650 222 728 ποταμὸς
255 648 361 728 οὕτως
393 649 570 730 ἐνδελεχῶς
600 648 682 728 ῥέων
709 647 830 713 οὔποτε
856 648 1019 726 στήσεται,
1046 647 1098 710 καλ
1124 645 1220 710 πάλιν

68 760 89 823 ὁ
114 760 151 826 ἐξ
172 759 320 837 ἐναντίας
343 758 431 842 αὐτῷ
452 758 471 823 ὁ
492 762 552 838 τῆς
574 763 703 838 φθορᾶς
731 757 792 822 εἴτε
815 748 958 838 Ἀχέρων
981 756 1046 822 εἴτε
1069 757 1219 835 Κωκυτὸς

68 869 274 946 καλούμενος
289 867 353 932 ὑπὸ
367 870 431 932 τῶν
453 873 595 946 ποιητῶν
614 869 678 934 tri.
714 872 775 945 Qui
797 874 882 931 locus
903 867 1018 929 ‘verbis
1034 869 1219 929 dictionibus

68 966 298 1057 compositione
322 1000 341 1040 a
362 982 479 1058 reliquo
501 982 589 1040 huius
611 982 702 1040 libelli
725 983 793 1040 stilo
816 983 858 1042 ita
879 965 993 1040 differt'
1005 976 1027 1056 ¹,
1049 988 1084 1039 ut
1104 979 1219 1038 Plutar-

70 1093 152 1149 chus
177 1092 250 1168 quin
274 1091 460 1150 adverbum
481 1109 580 1166 paene
602 1100 756 1150 auctorem
778 1109 864 1150 suum
887 1099 1010 1150 secutus
1033 1091 1071 1148 sit
1084 1097 1219 1166 nequeat

7 1269 8 1282 χ
70 1201 219 1260 dubitari.
264 1202 388 1258 Atrion
411 1201 510 1258 solum
530 1201 684 1260 sententia
705 1201 852 1285 Herqcliti
874 1205 1138 1268 commemoratur,
1163 1199 1220 1256 sed

70 1318 142 1368 tota
173 1327 297 1388 quoque
327 1310 425 1368 oratio
455 1311 576 1368 videtur
602 1312 702 1368 colore
732 1312 868 1386 quodam
894 1309 1071 1370 Heracliteo
1103 1309 1219 1366 imbuta

73 1437 155 1478 esse.
200 1417 342 1492 Sequitur
369 1419 460 1492 igitur
486 1427 519 1476 ut
546 1419 649 1476 Stoico
678 1419 799 1477 cuidam
822 1418 969 1476 Heracliti
997 1419 1125 1494 vestigia
1154 1435 1221 1492 pte·
1283 1489 1285 1493 Ι

71 1529 181 1598 menti,
206 1528 327 1604 qualem
349 1529 486 1586 novimus
507 1528 688 1587 Cleanthem
700 1507 725 1604 2,
745 1538 828 1586 totus
850 1528 899 1586 hic
921 1529 1006 1586 locus
1030 1525 1071 1603 (p.
1089 1529 1216 1587 wod--

75 1640 137 1698 107
150 1633 183 1707 a)
207 1637 245 1694 sit
266 1637 477 1696 vindicandus
521 1637 612 1695 Hunc
634 1655 705 1696 vero
725 1638 824 1712 ipsum
845 1638 927 1712 figuli
949 1637 1028 1696 illam
1044 1636 1218 1712 imaginem,
1297 1685 1299 1690 .

73 1765 169 1822 quam
198 1747 311 1804 eodem
335 1749 430 1805 modo
454 1765 515 1822 quo
542 1746 584 1808 M.
607 1748 779 1806 Antoninus
809 1747 944 1806 adhibet
966 1749 1007 1805 ad
1034 1748 1218 1805 sententiam

7 1879 8 1884 ¹
74 1875 163 1915 suam
184 1856 406 1934 illustrandam,
428 1857 467 1914 ab
489 1856 644 1915 Heraclito
668 1858 823 1932 accepisse
845 1858 953 1914 nescio
975 1859 1026 1933 qui
1048 1857 1145 1931 possit
1167 1857 1219 1912 de·

74 1967 246 2024 monstrari.
288 1965 397 2041 Neque
419 1967 469 2043 qui
497 1985 567 2025 eam
594 1967 634 2024 ad
658 1967 821 2044 Ephesium
850 1966 1033 2044 referebant,
1061 1973 1124 2024 tam
1146 1983 1220 2023 cau-

7 2129 9 2152 ,
75 2077 117 2132 sis
144 2075 321 2133 nitebantur
347 2093 438 2150 quam
467 2094 560 2134 sensu
589 2078 725 2154 quodam
754 2077 945 2134 ducebantur
973 2093 1075 2152 eoque
1089 2077 1220 2133 incerto

7 2161 9 2250 i
75 2195 107 2241 et
134 2184 235 2242 fallaci
244 2180 264 2244 3.
314 2185 432 2244 Stoicos
460 2186 559 2260 igitur,
588 2188 640 2262 qui
673 2187 885 2246 collationibus
918 2196 950 2242 et
976 2184 1220 2243 similitudinibus

76 2300 193 2351 certum
228 2295 370 2352 videntur
398 2295 501 2353 locum
529 2296 654 2354 dedisse
685 2297 716 2352 in
750 2279 909 2353 tradendis
937 2295 1117 2371 disciplinae
1147 2310 1221 2350 suae

77 2403 221 2472 decretis,
244 2422 284 2462 ne
305 2403 386 2462 hanc
409 2405 533 2478 quidem
555 2405 706 2480 sprevisse
732 2414 854 2462 constat
866 2402 887 2464 4.

176 2573 187 2612 ¹
205 2577 387 2644 Wyttenbacb
406 2578 448 2630 ad.
467 2578 493 2630 h.
506 2578 533 2643 1.,
553 2578 668 2644 Bernays
682 2576 743 2631 Gen.
762 2577 830 2631 Abt.
849 2579 863 2628 1
883 2595 909 2645 p.
924 2577 966 2630 48.
982 2577 1022 2629 Ci.
1036 2593 1059 2628 e.
1073 2592 1098 2640 g.
1112 2576 1223 2641 μήποτε

75 2674 143 2722 illud
161 2686 187 2738 p.
201 2672 280 2726 106d
299 2681 325 2724 et
342 2675 362 2726 l.

180 2765 303 2820 2ΗὶιιεΙ
321 2769 426 2824 Unilite.
440 2785 461 2822 s.
478 2768 581 2824 Oireros
597 2770 665 2840 nint.
680 2769 753 2824 Solt‘r.
772 2747 904 2836 11pJ114
922 2785 980 2836 sqq.
1011 2770 1040 2820 Si
1053 2770 1113 2834 quis
1126 2769 1221 2820 Clean-

77 2867 149 2916 them
167 2866 254 2930 ipsum
272 2866 407 2917 Plutarchi
435 2883 493 2918 esse
518 2875 648 2918 auctorem
671 2868 792 2928 coniciat,
820 2869 847 2917 id
875 2881 980 2932 quoque
1006 2866 1107 2915 adferre
1126 2864 1223 2930 possit,

78 2965 149 3029 quod
170 2963 219 3012 ille
238 2963 320 3012 simili
339 2965 454 3029 quodam
473 2971 550 3030 atque
569 2964 698 3015 hocloco
720 2971 760 3014 est
779 2963 885 3013 dicendi
903 2977 1000 3027 genere
1023 2977 1085 3011 usus
1106 2976 1164 3010 esse
1183 2961 1220 3010 vi·

79 3061 181 3111 dentur:
211 3059 303 3109 Hirzel
326 3060 344 3112 l.
364 3077 386 3112 c.
406 3077 431 3126 p.
446 3060 495 3113 181
522 3060 582 3113 adn.
602 3061 625 3112 1.
662 3064 758 3128 Neque
782 3067 869 3110 tamen
892 3059 1103 3110 obliviscendum
1131 3063 1172 3106 est
1196 3063 1221 3107 ct

7 3157 9 3166 ’
79 3155 146 3206 alios
163 3163 190 3206 et
206 3156 351 3220 Sphaerum
370 3172 423 3206 non
442 3157 528 3206 solum
548 3159 582 3206 de
602 3157 738 3206 Heraclito
758 3157 902 3208 sedetiam
921 3157 954 3206 de
973 3162 1057 3204 morte
1076 3153 1222 3220 scripsisse.

177 3247 189 3284 ³
207 3252 325 3316 Bernays
344 3251 362 3302 1.
379 3267 401 3302 c.
420 3253 434 3300 I
452 3269 477 3317 p.
491 3251 525 3304 46
536 3265 603 3318 sqq,
622 3267 700 3317 quem
713 3253 766 3302 fere
779 3253 860 3302 secuti
873 3257 933 3301 sunt
946 3251 1104 3317 quicumque
1118 3251 1151 3299 de
1169 3250 1222 3300 hoc

80 3347 139 3396 loco
164 3347 344 3398 disseruerunt
362 3355 391 3398 ut
408 3348 492 3398 Zeller
508 3349 527 3400 l.
547 3365 568 3400 c.
587 3349 602 3396 I
620 3364 645 3413 p.
666 3347 777 3416 582sq„
797 3348 924 3398 Schuster
947 3349 975 3397 in
994 3347 1140 3396 Ritschelii
1162 3353 1222 3398 actt.

82 3460 134 3496 soc.
153 3445 227 3510 Lips.
246 3445 289 3494 111
306 3461 333 3510 p.
348 3442 399 3497 173
410 3461 449 3511 sq.
469 3452 495 3494 et
515 3445 564 3498 181
579 3462 627 3510 sq.,
652 3447 773 3510 Bywater
792 3446 826 3494 ad
844 3439 948 3497 Heraci.
967 3445 998 3496 fr.
1018 3442 1223 3503 inpenderet

82 3543 114 3590 de
127 3540 233 3592 Heracl.
245 3540 345 3606 philos.
364 3557 388 3606 p.
399 3540 433 3594 81
446 3557 486 3606 sq.
508 3547 535 3590 et
554 3539 613 3594 159.
644 3542 729 3606 Quam
748 3540 832 3590 debili
849 3541 876 3588 in
895 3540 1066 3590 fundamento
1083 3541 1169 3607 posita
1188 3541 1222 3590 sit

83 3638 137 3687 cius
156 3635 315 3704 coniectura,
334 3638 416 3688 exiis
442 3655 507 3703 quae
531 3640 640 3705 exposui
665 3639 726 3688 satis
751 3638 846 3703 opinor
862 3636 1032 3700 intellegitur.
1069 3637 1221 3688 Videndum

82 3741 162 3784 autem
180 3741 230 3794 est,
252 3750 285 3784 ne
303 3734 337 3784 de
356 3734 397 3784 his
416 3750 521 3801 quoque
539 3751 607 3801 quae
627 3735 745 3798 adiungit
762 3733 898 3784 Plutarchi
915 3733 1020 3783 Stoicus
1038 3733 1092 3798 ille,
1112 3733 1221 3783 nimium

83 3830 181 3882 dixerit.
211 3830 299 3881 Valde
319 3831 387 3880 enim
405 3831 499 3881 dubito
519 3847 581 3881 num
596 3831 766 3880 Heracliteae
785 3830 925 3896 quicquam
944 3829 1079 3880 doctrinae
1092 3830 1222 3882 habeant:

7 3947 8 3950 ¹
83 3928 235 3994 ἡπρώτη
255 3924 349 3980 αἰτία
368 3926 386 3990 ἡ
406 3925 517 3980 δείξασα
535 3927 601 3992 ἡμῖν
624 3927 658 3979 τὸ
681 3930 733 3979 τοῦ
752 3924 833 3990 ἡλίου
857 3929 921 3993 φῶς
947 3923 992 4002 [cf.
1007 3925 1105 3977 Pollux
1123 3924 1222 3993 1119]‚

7 4049 8 4066 ι
84 4023 191 4088 ἡαύτὴ
221 4020 338 4074 καὶτὸν
361 4021 482 4088 Ζοφερὸν
504 4020 603 4086 Ἅιδην
626 4021 687 4086 ἄγει
712 4021 768 4074 κτὲ.
814 4023 855 4070 De
883 4022 985 4071 ratione
1012 4028 1038 4072 et
1061 4023 1221 4086 cogitatione

84 4121 193 4184 quaein
217 4117 259 4168 his
281 4117 435 4184 perspicitur
457 4135 481 4168 v.
501 4117 600 4168 Grauer
619 4115 776 4181 Zeitscltrift
798 4116 820 4182 s.
844 4115 870 4170 ti.
890 4115 1130 4170 Attertbumnwtss.
1152 4118 1221 4172 1842

7 4239 9 4290 4
84 4231 108 4280 p.
121 4213 152 4268 19
166 4231 233 4280 sqq,
251 4214 284 4266 O.
307 4214 376 4280 Jahn
398 4211 528 4267 Archeiol.
547 4211 679 4282 Beitrripe
696 4230 722 4278 p.
735 4211 788 4266 285
800 4229 840 4279 sq.
865 4220 892 4262 et
916 4213 945 4264 in
968 4220 1029 4266 actt.
1055 4215 1144 4267 societ.
1170 4215 1220 4268 litt.

7 4309 8 4370 l
85 4311 175 4362 Sason.
193 4311 247 4360 VII
265 4308 357 4376 (1855)
375 4327 401 4376 p.
412 4308 445 4362 61
458 4325 498 4376 sq.

7 4379 9 4416 i
97 4447 99 4455 ,
177 4402 241 4458 ⁴ci.
261 4407 339 4456 etiarn
359 4406 412 4456 Dio
433 4406 516 4472 Chrys
544 4422 582 4457 or.
601 4405 732 4455 XXXVI
752 4421 778 4470 p.
791 4405 824 4458 97
838 4401 883 4464 R.)
912 4407 967 4472 ipse
992 4423 1098 4474 quoque
1116 4408 1222 4458 Stoicos

7 4533 9 4562 ι
87 4511 192 4554 secutus.
