2910 4994
761 357 795 416 12

207 535 337 609 θρωτιον
352 529 441 608 ὄντα,
457 532 530 611 περὶ
543 531 667 598 τούτων
682 531 764 612 ἴσως
779 533 819 599 ἄν
833 555 882 613 τις
897 531 1030 613 ἀπορῶν
1046 532 1098 598 ἐπὶ
1119 533 1177 598 τὸν
1193 531 1269 616 θεὸν
1290 529 1355 608 τὴν

206 642 378 724 ἀναφορὰν
402 651 527 712 ποιοῖτο
553 648 604 712 καῖ
633 651 692 727 τὴν
718 648 826 728 τύχην.
869 654 977 731 Itaque
997 671 1052 728 pro
1075 653 1117 710 rei
1139 651 1289 726 gravitate
1315 657 1354 714 et

206 776 261 834 pro
290 777 346 817 suo
374 762 502 837 quisque
527 762 654 838 ingenio
683 764 754 822 talia
780 774 938 822 narrantes
966 764 1156 846 usurpabant
1180 771 1235 818 aut
1261 759 1353 844 θεῶν

207 869 317 948 βουλῇ,
339 867 420 931 κατὰ
441 866 518 933 θεόν
540 865 715 950 (δαίμονα),
737 868 794 933 οὐκ
817 867 895 933 ἄνευ
916 871 993 933 θεοῦ
1015 882 1068 930 aut
1090 868 1171 932 κατὰ
1195 866 1293 945 τύχην
1316 877 1354 927 et

205 977 321 1036 similia.
366 979 467 1053 Quem
490 1000 578 1040 usum
605 981 689 1039 multi
715 982 898 1042 illustrarunt
919 981 973 1039 vlri
994 981 1080 1040 docti
1101 990 1135 1038 ut
1158 979 1353 1040 Valckenaer

206 1087 246 1142 ad
269 1085 384 1148 Herod.
408 1088 450 1145 III
475 1092 545 1158 153,
566 1089 693 1147 Lobeck
714 1090 755 1147 ad
778 1088 870 1165 Soph.
891 1090 937 1150 Ai.
960 1090 1030 1158 998,
1053 1087 1285 1146 Winckelmann
1305 1088 1353 1145 ad

206 1193 280 1255 Plat.
304 1197 394 1259 Euth.
419 1198 478 1257 272
491 1217 518 1268 e,
549 1199 698 1257 Muncker
719 1201 760 1257 ad
783 1199 897 1260 Anton.
920 1200 985 1260 Lib.
1010 1219 1038 1274 p.
1058 1201 1115 1258 104
1138 1198 1240 1274 Koch,
1260 1199 1354 1256 Bois·

205 1307 321 1362 sonade
344 1307 385 1364 ad
398 1307 548 1369 Aristaeo.
571 1327 600 1384 p.
616 1311 676 1369 355
700 1319 732 1367 et
753 1310 793 1368 ad
809 1309 886 1369 Aen.
903 1309 976 1368 Gaz.
999 1327 1028 1384 p.
1047 1311 1115 1386 166,
1139 1308 1239 1368 Cobet
1254 1308 1291 1366 V.
1311 1307 1356 1366 L.

205 1431 234 1487 p.
251 1415 321 1490 358,
345 1417 485 1492 Krueger
507 1419 600 1478 theol.
618 1420 787 1479 Pausaniae
809 1421 902 1495 p.30,
921 1421 958 1478 11
982 1427 1015 1476 et
1036 1419 1085 1488 31,
1103 1419 1130 1476 2.
1164 1417 1277 1475 Eorum
1296 1435 1355 1473 au·

204 1531 267 1580 tem
290 1526 341 1600 qui
363 1536 434 1602 post
455 1527 513 1586 1111
535 1527 689 1587 saeculum
710 1529 794 1586 suere
817 1529 998 1603 scriptorum
1019 1546 1081 1584 non
1104 1527 1194 1602 pauci
1213 1526 1356 1584 eandem

204 1635 235 1690 in
258 1652 322 1692 rem
349 1637 393 1723 uti
421 1638 522 1694 solent
551 1637 642 1696 etiam
665 1639 764 1696 verbis
786 1633 867 1699 κατά
889 1634 967 1712 (διά)
996 1630 1094 1714 (τινα)
1117 1633 1206 1698 θείαν
1228 1632 1356 1712 (buum-
1435 1653 1436 1664 ³

204 1738 288 1818 νίαν)
317 1742 470 1822 βούλησιν
483 1741 505 1817 ¹,
539 1747 622 1804 velut
649 1745 789 1807 Parthen.
812 1766 839 1823 p.
858 1745 920 1817 7,4
943 1756 974 1805 et
996 1749 1045 1814 20,
1063 1747 1098 1804 21
1125 1746 1261 1804 Hercher
1284 1741 1355 1820 (καὶ

205 1848 224 1912 ὁ
251 1850 308 1927 μὲν
330 1850 369 1927 δὴ
393 1850 473 1914 κατὰ
496 1855 580 1916 θειῖιν
602 1848 756 1930 βούλησιν
778 1850 908 1932 ἀφανὴς
929 1851 1073 1932 γίνεται),
1107 1856 1222 1930 Phlege
1243 1855 1355 1913 mirab.

204 1979 233 2036 p.
250 1962 300 2030 58,
315 1963 334 2020 5
347 1963 387 2022 K.
412 1957 605 2039 (πεφηνέναι
625 1962 687 2041 γὰρ
709 1967 818 2028 Ζῶσαν
839 1960 920 2026 εἶναί
940 1980 975 2025 τε
998 1960 1077 2039 μετὰ
1099 1964 1157 2024 τοῦ
1179 1961 1273 2026 ξένου
1298 1960 1355 2024 διά
1436 2019 1437 2032 ,

205 2085 275 2130 τινα
299 2067 387 2133 θείαν
410 2068 577 2152 βούλησιν)
599 2076 649 2146 59,
666 2077 693 2136 2.
717 2077 766 2144 60,
784 2077 833 2144 27,
856 2074 958 2132 Possis
979 2073 1109 2148 Magnes
1131 2074 1215 2149 apud
1237 2073 1355 2132 Athen.

206 2179 262 2236 VII
276 2182 336 2240 296
348 2181 377 2252 d,
393 2181 550 2240 Nicander
562 2184 635 2243 ibid.
652 2203 682 2260 p.
699 2187 758 2244 297
769 2203 796 2260 a,
816 2178 984 2256 (Eratosth.
998 2202 1027 2260 q.
1044 2181 1062 2240 f.
1079 2191 1186 2243 catast.
1203 2183 1253 2250 28,
1276 2181 1355 2240 Dio·

205 2307 270 2364 nys.
293 2289 360 2350 Hal.
383 2292 475 2366 antiq.
497 2292 511 2348 Ι
533 2288 587 2367 33)
615 2291 674 2350 Dio
696 2292 800 2368 Chrys
824 2291 883 2350 XII
905 2311 934 2369 p.
953 2293 1012 2352 372
1027 2292 1076 2361 R.,
1109 2292 1227 2350 Aelian.
1252 2291 1286 2350 fr.
1311 2295 1351 2352 41

206 2397 352 2468 Hercher,
375 2399 551 2476 Apollodor.
573 2401 645 2462 bibl.
666 2401 680 2458 Ι
700 2404 729 2468 8,
750 2403 823 2477 5,1.
867 2400 947 2458 Satis
970 2400 1113 2476 frequens
1131 2400 1185 2470 ¹hic
1205 2418 1277 2458 usus
1302 2410 1355 2459 est
1437 2411 1438 2428 ³

206 2510 291 2584 apud
313 2508 510 2587 Porphyrium
534 2510 741 2578 Iamblichum,
764 2510 954 2569 Clementem
977 2510 1062 2570 Alex.
1086 2508 1285 2583 Origenemh

307 2605 434 2678 Accedit
454 2621 545 2678 aliud.
582 2620 777 2678 Senescentls
800 2619 939 2679 nimirum
962 2628 1009 2677 est
1031 2619 1161 2694 linguae,
1188 2619 1353 2693 languidas

187 2737 240 2783 ut
265 2737 382 2785 recreet
412 2729 497 2797 vires,
529 2728 672 2803 limpidos
699 2727 785 2785 adire
814 2727 956 2803 poetici
982 2728 1181 2785 sermonis
1213 2725 1354 2785 fontest.

205 2836 313 2911 Itaque
336 2855 375 2894 ne
398 2839 430 2895 id
453 2838 576 2913 quidem
602 2837 828 2914 neglegendum
850 2845 907 2906 est,
942 2839 1026 2913 quod
1053 2845 1139 2895 extra
1167 2836 1242 2894 fines
1271 2853 1354 2912 quos

208 2978 404 2987 -.-0-·----.—.-

304 3048 314 3086 ¹
334 3053 452 3103 Eandem
472 3054 524 3104 vim
542 3054 712 3107 habetitur&
730 3058 805 3108 θεῶν
824 3052 913 3118 (θεοῦ)
933 3053 1078 3119 πρόνοιαν,
1106 3054 1179 3118 quod
1200 3052 1269 3102 haud
1289 3069 1351 3103 raro

202 3147 343 3207 invenitur,
370 3155 399 3198 ut
422 3151 492 3216 apud
510 3149 678 3200 Plutarchum
701 3149 742 3216 (cf.
761 3151 839 3200 etiam
858 3150 975 3201 Hercher
1000 3151 1033 3199 ad
1052 3152 1097 3201 Ps.
1116 3150 1187 3202 Plut.
1212 3150 1244 3199 de
1262 3149 1352 3200 fluviis

205 3257 231 3307 p.
244 3241 291 3306 87)
310 3245 464 3296 Pausaniam
483 3247 678 3312 Apollodorum
693 3247 884 3298 Herodianum
903 3247 1077 3314 Porphyrium
1096 3246 1271 3296 Iamblichum
1289 3246 1354 3297 Cel·

206 3354 262 3387 sum
276 3339 417 3402 Originem.
455 3344 594 3401 Praeterea
612 3344 642 3394 cf.
657 3344 776 3396 Dittenb.
790 3344 848 3411 syll.
862 3343 923 3404 247,
937 3343 971 3396 29
990 3351 1016 3393 et
1031 3344 1115 3395 schol.
1128 3343 1210 3394 Arist.
1224 3345 1274 3408 Eq.
1289 3343 1354 3396 147.

304 3433 316 3470 ²
339 3439 377 3487 Ut
396 3438 440 3488 hic
462 3456 523 3489 usus
547 3440 748 3491 increbresceret
765 3441 914 3491 Stoicorum
938 3439 1102 3506 potissimum
1127 3438 1352 3504 philosophorum

205 3533 309 3583 videtur
327 3536 479 3586 auctoritate
497 3538 592 3587 sactum
612 3553 679 3590 esse.
716 3537 785 3587 Nam
805 3536 871 3590 οὐδὲ
893 3535 1079 3602 τούλάχιστον
1098 3536 1157 3589 ἔστι
1175 3539 1235 3588 τῶν
1255 3539 1353 3603 μερῶν

175 3649 177 3654 ’
206 3629 278 3694 ἔχειν
297 3631 388 3695 ἄλλως
406 3631 424 3697 ἢ
444 3633 515 3685 κατὰ
532 3633 586 3698 τὴν
603 3637 655 3687 τοῦ
676 3633 745 3698 Διὸς
768 3634 902 3700 βούλησιν
921 3630 949 3701 [i.
968 3649 989 3684 e.
1009 3629 1156 3700 πρόνοιαν]
1181 3632 1248 3682 dixit
1266 3631 1353 3699 Chry-

205 3727 295 3792 sippus
318 3734 386 3776 teste
404 3728 548 3779 Plutarcho
572 3732 605 3780 de
630 3745 722 3782 comm.
744 3738 797 3782 not.
816 3747 841 3796 p.
856 3729 925 3782 1076
939 3744 962 3780 e.
999 3732 1034 3780 V.
1058 3729 1133 3779 etiam
1153 3729 1291 3794 Polystrat.
1317 3731 1353 3780 de

205 3839 270 3874 vana
288 3831 430 3890 contempt.
444 3819 559 3875 Hermae
572 3827 616 3875 XI
632 3843 657 3891 p.
671 3825 733 3878 407.
753 3853 784 3862 -
804 3826 899 3876 Paullo
913 3825 1041 3875 diversum
1061 3831 1100 3874 est
1113 3824 1184 3889 quod
1197 3824 1351 3874 Antiochus

205 3920 438 3984 Commagenorum
459 3937 504 3971 rex
524 3923 557 3972 de
577 3923 629 3972 suis
648 3921 774 3973 laudibus
792 3923 921 3988 praedicat
931 3923 970 3971 IV
984 3937 998 3970 a
1010 3920 1045 3974 23
1064 3919 1242 3986 ίεροδοθλους
1255 3959 1260 3971 .
1272 3959 1278 3970 .
1292 3919 1352 3982 ἐγὼ

205 4019 279 4078 θεοῖς
297 4031 328 4068 τε
347 4019 392 4070 καῖ
410 4023 501 4081 τιμαῖς
520 4018 598 4082 ἐμαῖς
617 4017 688 4070 κατὰ
703 4018 847 4082 δαιμόνιον
866 4014 926 4084 [sic]
945 4017 1079 4083 βούλησιν
1098 4015 1229 4080 ἀνέθηκα.
1259 4016 1352 4066 Sacer-

206 4114 278 4162 dotes
296 4114 367 4163 Iovis
385 4115 523 4164 Panamari
542 4121 569 4163 et
591 4114 619 4168 ἐξ
643 4113 809 4179 ἐπαγγελίας
832 4120 859 4164 et
882 4113 954 4166 κατὰ
977 4113 1031 4178 τὴν
1052 4117 1104 4165 ‘roll
1123 4113 1190 4173 θεοῦ
1216 4112 1352 4179 βούλησιν

206 4209 310 4270 fiebant,
328 4227 353 4261 v.
372 4209 470 4263 Bullet.
489 4211 523 4260 de
542 4227 609 4262 corr.
628 4210 691 4262 hell.
709 4212 767 4260 XII
784 4227 810 4277 p.
825 4209 859 4264 98
869 4227 926 4276 sqq.

306 4302 365 4358 θεῖ.
385 4306 453 4358 Alsr.
472 4307 608 4378 Eberhard
628 4307 777 4357 Observatt.
795 4305 892 4372 Polyb.
911 4305 1015 4372 p.8sq.
1035 4312 1062 4356 et
1080 4308 1117 4358 M.
1131 4308 1166 4356 A.
1181 4305 1297 4369 Kreilng
1316 4309 1351 4356 de

206 4418 255 4452 usu
274 4402 437 4467 poeticorum
456 4410 480 4454 et
498 4403 605 4457 dialectt
620 4420 677 4455 voc.
697 4405 765 4470 apud
785 4404 924 4470 scriptores
943 4404 1056 4454 Graecos
1076 4404 1187 4454 seriores
1205 4403 1218 4451 1
1236 4401 1351 4451 Traiecti

206 4499 239 4549 ad
258 4499 313 4551 Rh.
333 4495 402 4552 1886
420 4515 446 4565 p.
461 4499 552 4567 Iqu.
