2910 4994
754 371 788 426 10

197 548 358 605 verborum
379 548 482 606 formis
504 549 587 606 med.
612 538 687 629 [μαι,
709 565 769 626 ται,
792 538 889 631 σθαι],
912 551 968 608 sed
990 551 1021 608 in
1042 550 1193 610 infinitivis
1216 570 1354 629 quoque

199 656 288 714 activi
311 648 387 737 [our.
410 648 473 739 ναι]
495 667 586 733 etque
609 660 701 716 etiam
722 669 755 716 ut
770 659 888 716 videtur
909 661 939 716 in
961 660 1067 734 plurali
1090 661 1247 719 nominum
1271 661 1354 721 fem.

199 758 237 847 [e.
260 785 289 840 g.
317 766 452 827 τελῶναι
480 763 513 830 ἐξ
543 768 619 829 Plut.
640 770 703 828 Alc.
729 761 758 850 5]
790 769 854 827 non
884 769 977 828 efficit
1006 769 1036 827 in
1067 787 1129 845 quo
1155 770 1219 827 iure
1249 771 1354 828 offen-

199 876 280 932 daris
303 875 426 945 hiatum,
450 878 531 934 idem
555 879 667 937 cadere
690 879 720 937 in
742 879 822 936 hunc
846 877 1025 954 scriptorem
1040 897 1131 938 nemo
1155 879 1244 937 facile
1268 898 1351 938 eon-

199 987 315 1044 tendet.
353 986 415 1044 Sed
438 1005 506 1045 cum
528 989 612 1063 apud
630 988 788 1064 Polybium
804 1007 898 1046 unum
921 998 1004 1048 certe
1026 989 1112 1047 huius
1135 990 1219 1047 modi
1242 988 1355 1047 hiatus

199 1097 369 1170 exemplum
391 1105 475 1155 extet
498 1088 731 1180 [καταπλεῦσαι
749 1095 788 1159 ού
803 1095 915 1179 ῥᾴδιον
931 1099 987 1166 IV,
1001 1102 1051 1168 44,
1074 1089 1137 1180 21],
1161 1100 1248 1174 plura
1261 1103 1355 1175 apud

178 1203 399 1276 ‘Diodorum2,
423 1209 463 1264 de
486 1208 635 1283 scriptura
656 1210 800 1285 φανῆναι
821 1203 861 1270 ἄν
884 1227 948 1267 non
970 1208 1171 1267 dubitaverim
1181 1205 1203 1268 ⁸.

299 1316 420 1388 Quodsi
446 1327 531 1375 recte
559 1319 687 1394 exposui
715 1319 756 1376 ad
782 1318 928 1378 amussim
959 1319 1085 1375 vitatum
1113 1336 1182 1376 esse
1216 1318 1356 1396 hia-tum,

199 1445 262 1483 non
282 1435 387 1501 potest
407 1427 480 1504 fieri,
502 1427 575 1503 quin
596 1428 695 1487 oratio
717 1427 785 1504 ipsa
803 1429 876 1485 inde
891 1429 1047 1504 quendam
1061 1428 1185 1486 duxerit
1201 1429 1354 1488 colorem.

199 1535 240 1592 Et
261 1553 332 1593 vero
355 1534 469 1594 factum
490 1545 538 1594 est
558 1537 610 1596 ita.
653 1536 734 1595 Hinc
762 1538 845 1595 enim
873 1538 940 1594 sine
962 1537 1057 1596 dubio
1087 1537 1273 1596 artificiosior
1295 1538 1356 1594 illa

198 1662 291 1720 saepe
313 1645 473 1702 verborum
495 1646 668 1721 collocatio,
695 1645 793 1720 qualis
815 1654 861 1704 est
885 1655 917 1704 et
944 1647 1008 1704 aliis
1033 1647 1109 1704 locis
1133 1656 1165 1704 et
1187 1665 1212 1707 c.
1233 1649 1252 1705 4
1276 1641 1356 1707 ἐπεὶ

199 1749 256 1813 τὸν
276 1749 356 1814 άλον
371 1750 514 1829 ούρανόν
536 1749 631 1836 πύσιμ
653 1751 714 1817 τινὶ
732 1755 857 1817 σαυτοῦ
872 1755 978 1832 δοκεῖς
994 1750 1075 1816 εἶναι
1091 1751 1195 1830 μείζω,
1216 1754 1355 1810 ibidem-

201 1880 260 1937 que
283 1859 318 1922 ἐκ
340 1863 398 1923 τού
420 1859 521 1926 αὐτοῦ
541 1862 697 1942 πολλάκις
719 1861 819 1939 ὄγκου
839 1874 872 1924 et
894 1869 953 1928 οἳ
978 1863 1126 1943 φαίνεται
1147 1860 1209 1940 γὰρ
1231 1859 1355 1925 ἀλκυο-

201 1969 250 2047 νὶς
276 1967 295 2044 ἡ
325 1970 464 2048 τήμερον
494 1968 648 2048 ὑπάρχειν
678 1968 792 2048 ἡμέρα,
822 1968 874 2033 καὶ
898 1969 975 2048 χθὲς
1002 1969 1038 2033 δὲ
1060 1957 1192 2045 τοιαύτη
1221 1987 1269 2046 τις
1292 1966 1352 2045 ἦν;

200 2089 285 2140 muta
314 2083 472 2140 verborum
497 2083 637 2140 ordinem
658 2090 690 2141 et
719 2081 828 2141 foedus
854 2082 966 2140 existet
994 2081 1143 2139 vocalium
1171 2097 1354 2142 concursus,

201 2190 282 2248 Hinc
304 2191 395 2273 etiam
417 2191 605 2267 repetendus
628 2191 750 2267 pluralis
772 2191 902 2248 nominis
924 2189 1032 2248 infiniti
1052 2208 1195 2249 numerus
1211 2190 1256 2248 bis
1272 2191 1355 2248 satis

203 2303 368 2359 insolenter
396 2319 451 2376 pro
481 2301 623 2376 singulari
649 2296 804 2376 positus4:
839 2319 865 2360 c.
890 2303 908 2358 2
931 2295 1053 2375 ἡμέρας
1071 2346 1078 2360 .
1096 2345 1103 2360 .
1124 2296 1354 2376 διαφερούσας

202 2410 271 2484 ταῖς
300 2406 435 2485 εὐδίαις
465 2404 512 2470 ὡν
543 2405 613 2470 ἐστι
639 2417 671 2467 et
699 2428 724 2468 c.
747 2411 766 2470 5
801 2407 836 2470 ἐν
864 2408 935 2484 ταῖς
963 2403 1119 2483 δυνάμεσι
1141 2405 1194 2470 καὶ
1215 2405 1252 2470 ἐν
1275 2409 1354 2486 ταῖς

203 2515 404 2595 ἀδυναμίαις
425 2515 637 2596 ὑπαρχούσας
650 2516 671 2581 ⁶.

301 2629 343 2687 Ut
377 2630 423 2686 vel
452 2647 490 2686 ex
521 2627 580 2687 hoc
606 2629 690 2705 quod
717 2629 748 2685 in
776 2630 936 2686 verborum
965 2629 1188 2704 compositione
1217 2611 1355 2686 cernitur

203 2739 305 2796 studio
328 2738 453 2813 colligas
475 2738 546 2796 licet
566 2747 637 2813 post
658 2738 817 2796 florentem
834 2737 967 2796 Socratis
984 2738 1176 2814 disciplinam
1198 2737 1352 2812 scriptum

202 2853 270 2906 e'sse
292 2847 375 2916 hunc
397 2846 563 2920 dialogum,
588 2863 650 2923 qno
673 2854 811 2921 tempore
833 2863 940 2904 omnes
963 2845 1037 2915 sere,
1059 2847 1109 2922 qui
1124 2847 1204 2903 bene
1219 2847 1350 2904 dicendi

202 2957 327 3032 gloriam
351 2955 562 3025 adfectabant‚
585 2955 634 3014 lex
656 2954 811 3014 Isocratea
833 2956 970 3024 tenebat,
1001 2957 1043 3015 ita
1064 2974 1134 3013 eum
1157 2955 1250 3012 etiarn
1274 2965 1351 3030 post

204 3065 367 3124 Alexandri
408 3081 517 3122 aevum
554 3081 624 3122 esse
665 3063 839 3123 confectum
874 3084 913 3122 ex
950 3064 1137 3124 dicendi
1179 3081 1352 3139 genere

204 3358 284 3423 praef.
309 3358 341 3406 ad
366 3357 461 3408 Galeni
488 3375 536 3410 scr.
563 3359 664 3410 minora
682 3360 696 3408 Ι
713 3374 739 3424 p.
756 3359 821 3409 LIII
837 3375 885 3425 sq..
908 3359 943 3408 de
967 3358 1070 3408 Iuliano
1093 3357 1207 3408 Sintenis
1226 3359 1318 3408 Herm.
1340 3360 1355 3407 Ι

203 3471 229 3520 p.
243 3452 278 3506 73
292 3470 332 3520 sq.
363 3455 514 3504 Neumanni
524 3455 576 3508 Iul.
594 3455 613 3507 1.
627 3472 649 3506 c.
668 3455 807 3506 Christian.
821 3471 847 3520 p.
861 3454 913 3508 153
921 3471 978 3521 sqq.
993 3453 1121 3505 rationem
1141 3470 1195 3503 non
1213 3453 1354 3518 intellego.

305 3547 314 3584 ¹
334 3566 357 3601 v.
375 3549 490 3600 Hultsch
509 3550 527 3601 l.
548 3565 570 3602 c.
589 3566 615 3615 p.
628 3549 689 3603 311.
727 3550 828 3601 Omitto
848 3550 902 3600 alia
920 3550 954 3599 de
975 3550 1072 3614 quibus
1092 3549 1208 3599 dubitari
1226 3551 1320 3614 possit.

303 3641 316 3680 2
334 3663 358 3698 v.
366 3645 570 3710 Dindorlpraef.
581 3646 635 3697 vol.
645 3646 685 3696 1v
695 3662 721 3712 p.
732 3647 790 3696 XV
804 3654 830 3696 et
839 3647 958 3696 Kaelker
968 3647 995 3696 in
1006 3646 1099 3697 Studd.
1111 3646 1184 3710 Lips.
1195 3647 1237 3694 111
1251 3661 1276 3711 p.
1287 3645 1353 3700 317.

205 3743 303 3793 Paullo
322 3743 398 3792 aliter
416 3758 458 3792 res
480 3743 608 3794 sehabet
627 3743 696 3808 apud
714 3743 930 3802 Demosthenem,
957 3744 989 3794 de
1008 3759 1060 3808 quo
1081 3759 1104 3794 v.
1123 3741 1202 3792 Blass
1221 3742 1254 3791 de
1273 3750 1353 3796 oratt.

204 3840 301 3891 Atticis
319 3841 361 3888 111
378 3855 404 3904 p.
423 3837 465 3891 98.
492 3899 493 3902 Ἴ

304 3933 315 3971 θ
333 3935 418 3987 Vides
439 3950 480 3986 me
499 3934 706 3984 Sommerbrodti
725 3934 852 3985 rationem
872 3935 996 3999 φανῆναι
1016 3933 1112 3996 αὐτοῖς
1130 3937 1191 3994 τοῖς
1210 3933 1352 3984 scribentis

206 4050 257 4083 non
276 4033 399 4102 probare.

303 4125 316 4162 4
333 4130 376 4178 De
394 4129 445 4178 hoc
464 4129 573 4185 artificio
592 4128 626 4176 a'd
644 4126 820 4189 effugiendum
840 4125 940 4175 hiatum
961 4126 994 4174 ab
1017 4126 1135 4174 Isocrate
1154 4123 1270 4190 Polybio
1290 4127 1352 4176 Phi·

149 4277 152 4285 ,
205 4228 312 4277 lodemo
337 4225 394 4275 aliis
419 4225 539 4275 adhibito
561 4241 587 4277 v.
606 4223 678 4274 Stich
701 4223 728 4272 iu
746 4223 810 4273 actis
829 4239 892 4273 sem.
912 4223 1020 4285 Erlang.
1039 4224 1066 4272 11
1085 4239 1110 4288 p.
1126 4221 1174 4274 151
1196 4229 1222 4270 et
1240 4220 1351 4272 Schmid

207 4324 240 4373 de
259 4323 389 4372 atticismo
406 4323 435 4370 11
453 4339 478 4387 p.
493 4320 528 4373 62
547 4313 573 4370 et
591 4319 650 4372 251.
730 4349 733 4358 ·

305 4415 317 4451 ⁵
335 4415 424 4471 εὐδίαι
442 4417 500 4467 aliis
520 4423 580 4466 sunt
596 4416 684 4468 εὔδιοι
702 4415 887 4479 καταστάσεις
905 4420 933 4465 ut
954 4415 991 4464 ita
1010 4414 1104 4474 dicam,
1124 4412 1273 4477 ἀδυναμίαι
1291 4415 1309 4466 i.
1323 4433 1350 4481 q.

206 4513 366 4584 ἀρρωστίαι.
