2910 4994
315 875 362 933 Ne
385 876 490 934 ultima
512 874 624 952 pagina
645 875 722 952 typis
746 882 858 953 careat,
884 893 974 934 unam
998 851 1086 934 libeat
1112 875 1184 934 mihi
1207 876 1368 934 hocloco

217 983 464 1044 observatinnem
485 986 662 1060 adiungere.
721 1057 727 1064 ι
785 1037 786 1042 ,
1003 965 1004 974 ¹

315 1093 374 1152 nro
403 1095 638 1172 chrysostomus
670 1089 713 1154 ss.
741 1093 849 1152 κνιιι
874 1083 934 1151 ‘as
964 1095 1089 1154 ‹rrssnsn
1115 1079 1369 1154 'exercitatione'

215 1203 369 1262 disserens
390 1206 549 1281 praecipit:
582 1201 635 1266 κοίἰ
656 1199 793 1280 γράφειν
815 1202 852 1265 δὲ
873 1199 912 1264 οὐ
933 1199 1034 1264 ταῦτά
1055 1215 1095 1265 σε
1118 1199 1196 1267 άξιιίι
1218 1201 1258 1264 τὰ
1280 1217 1366 1280 σχο-
1409 1241 1414 1248 -

215 1309 286 1373 λικά
307 1307 488 1390 πλάσματα,
511 1306 581 1374 ἀλλ’
604 1308 695 1388 εἰπερ
713 1307 784 1387 άρα,
806 1309 964 1375 τινὰτῶν
988 1309 1104 1392 λόγων,
1128 1307 1180 1389 οἷς
1199 1309 1238 1374 ἂν
1254 1309 1366 1397 ἡσθῇς

214 1419 425 1498 ἐντυγχάνων,
458 1421 596 1498 μάλιστα
626 1423 691 1482 τῶν
712 1417 974 1506 Ξενοφωντείων,
1003 1417 1262 1498 ἢάντιλέγοντα
1289 1423 1363 1498 τοῖς

213 1526 395 1607 εἰρημένοις
416 1528 435 1606 ἢ
458 1529 498 1592 τὰ
520 1527 601 1592 αὐτὰ
623 1526 734 1606 ἕτερον
756 1527 879 1604 τρόπον
905 1513 1139 1608 ὑποβάλλοντα.
1185 1531 1234 1590 Ne
1258 1533 1362 1607 ipsum

213 1641 337 1716 quidem
365 1639 497 1698 Dionem
525 1640 558 1697 id
584 1657 682 1716 genus
710 1638 963 1698 exercitationum
989 1641 1140 1716 sprevisse
1168 1641 1361 1699 documento

213 1757 283 1806 sunt
310 1767 379 1808 cum
408 1750 559 1808 aliatum
587 1767 630 1807 or.
653 1748 757 1806 XXVI
784 1744 856 1824 περὶ
882 1749 940 1810 τοῦ
966 1745 1178 1825 βουλεύεσθαι
1203 1749 1359 1826 inscripta.

93 1883 100 1918 ς
213 1857 302 1928 Quae
327 1860 398 1918 nihil
423 1869 471 1920 est
496 1860 554 1917 nisi
577 1859 769 1936 paraphrasis
799 1859 914 1932 dialogi
936 1854 1114 1935 Σίσυφος
1143 1855 1163 1933 ἢ
1197 1855 1271 1934 περὶ
1299 1859 1360 1918 τοῦ

214 1943 434 2043 βουλεύεσθαιί
481 1971 543 2028 Res
577 1970 657 2028 adeo
687 1977 734 2028 est
760 1969 790 2025 in
816 1978 957 2044 promptu
984 1979 1017 2026 ut
1051 1970 1261 2056 disputatione
1294 1987 1359 2026 non

212 2088 310 2151 egeat.
355 2079 488 2136 Sufficiat
514 2096 582 2136 cum
609 2077 725 2154 Sisyph.
749 2095 777 2152 p.
794 2078 883 2138 388c
911 2079 1078 2136 contulisse
1104 2096 1152 2156 ea,
1183 2097 1264 2155 quae
1287 2079 1361 2138 Em·

212 2189 311 2263 petius
332 2206 463 2264 eumque
486 2197 607 2246 secutus
631 2186 767 2245 Diridori
784 2185 919 2245 delenda
941 2197 1133 2247 censuerunt.
1175 2166 1270 2260 Qnod
1294 2208 1358 2266 quo

212 2298 274 2354 iure
297 2297 426 2355 iecerint
447 2297 532 2355 simul
554 2296 721 2372 apparebit.
789 2295 792 2300 '
973 2356 974 2366 γ

340 2404 457 2482 Sisyph.
478 2425 506 2482 p.
523 2407 582 2466 388
596 2423 626 2464 c:
809 2403 869 2462 Dio
885 2403 989 2481 Chrys.
1006 2424 1048 2464 or.
1065 2405 1171 2465 XXVI
1193 2425 1220 2482 p.
1238 2409 1300 2468 524
1312 2408 1357 2466 R:

254 2511 321 2589 Ἀφ’
337 2509 394 2574 οὖν
410 2511 461 2575 καὶ
482 2509 570 2574 τοῦθ’
589 2509 675 2574 οὕτω
690 2531 758 2588 πως
850 2510 934 2589 Ἀρα
962 2509 1021 2576 οὐν
1051 2510 1091 2589 μὴ
1121 2511 1249 2576 τοιόνδε
1280 2533 1309 2576 τι
1337 2513 1358 2596 r]

213 2621 330 2698 λέγεις,
370 2621 408 2684 τὸ
444 2621 550 2697 ζητεῖν
589 2617 757 2699 ἀμφότερα
807 2620 846 2683 τὸ
868 2619 1087 2698 βουλεύεσθαι,
1110 2620 1195 2685 ὥστε
1210 2621 1283 2686 τινὰ
1299 2623 1358 2699 μὲν

69 2705 74 2720 ’
115 2790 117 2796 ,
211 2730 289 2806 τοὺς
311 2728 512 2807 ἀνθρώπους,
535 2727 556 2790 ἃ
578 2725 618 2792 άν
639 2748 673 2793 τε
695 2727 775 2800 ἐτιι·Ι
809 2727 936 2806 εἰδέναι,
973 2729 1043 2793 τινὰ
1067 2731 1110 2812 δὲι
1126 2731 1267 2805 ἀγνοεῖν,
1304 2733 1357 2794 καί

212 2837 369 2910 στῶνται,
401 2835 452 2900 καί
489 2836 509 2900 ἃ
543 2836 583 2900 ἂν
618 2837 658 2915 μὴ
691 2837 755 2902 ἐπι·
806 2838 948 2920 τοῦτοῇ
979 2837 1051 2915 περὶ
1077 2835 1116 2901 οὖ
1144 2839 1356 2918 βουλεύονται

212 2953 351 3012 στῶνται
381 2945 493 3023 ὅμοιον
520 2943 630 3024 ὥσπερ
653 2945 683 3011 εἰ
709 2968 757 3028 τις
807 2944 987 3024 ἄνθρωποι;
1018 2945 1071 3010 ἵνα
1094 2949 1130 3011 δὲ
1157 2951 1281 3026 μᾶλλον
1309 2955 1356 3034 τῷ

214 3055 451 3133 Καλλίστρατον
468 3053 655 3130 ’γιγνώσκοι
690 3056 757 3133 με’ν,
806 3053 893 3138 λόγῳ
928 3056 1278 3135 παρακολουθήσωμεν,
1315 3058 1355 3122 δι’

211 3165 303 3242 ὅστις
324 3163 604 3242 ὁΚαλλίστρατος,
626 3163 667 3241 μὴ
688 3163 756 3241 μέν·
807 3161 933 3252 εἰκόνος
949 3163 1036 3242 τινὸς
1051 3163 1245 3244 ἐπιδείξομεν
1266 3165 1355 3232 αὐτό.

212 3294 261 3337 τοι
290 3272 457 3338 ἐπίσταιτο
484 3271 568 3337 ὅπου
597 3271 644 3350 εἴη
673 3273 756 3337 ἐξευ-
808 3272 1021 3351 ὑποτιθέμεθα
1054 3272 1115 3352 γὰρ
1145 3272 1264 3339 εἰδέναι
1296 3277 1357 3354 μὲν

212 3385 286 3461 ρεῖν,
318 3381 376 3460 οὐχ
405 3381 496 3460 ὅστις
522 3380 569 3459 εἰη
602 3382 621 3446 ὁ
649 3382 757 3468 Καλλί-
806 3380 890 3459 ἡμᾶς
913 3381 1071 3458 Χαρικλέα
1096 3383 1148 3446 καί
1170 3383 1355 3465 Χαρίξενον,

211 3507 362 3572 στρατος.
431 3479 433 3486 ’
806 3489 890 3554 ὅπου
905 3491 941 3554 δὲ
957 3489 1103 3555 οἰκοῦσιν
1118 3490 1256 3570 ἀγνοεῖν,
1279 3508 1354 3558 στο·

805 3598 959 3678 χάζεσθαι
990 3601 1027 3665 δέ
1060 3601 1132 3679 περὶ
1163 3605 1221 3680 τῆς
1250 3601 1352 3680 οἰκίας

807 3705 928 3772 αὐτοῖν.
1025 3724 1040 3756 ⁶
