2910 4994
767 361 783 414 6

203 529 332 592 Clerici1
353 531 545 611 Horreique2
565 535 740 592 coniectura
753 535 907 594 Axiochus
924 544 955 594 et
971 535 1098 612 Eryxias
1122 546 1155 594 et
1177 537 1217 594 de
1238 539 1351 598 virtute

203 641 344 717 dialogus
371 661 426 719 per
457 645 580 718 longum
610 653 728 719 tempus
758 663 812 720 pro
842 646 980 720 genuinis
1013 646 1171 704 Aeschinis
1202 646 1351 708 Socratici

202 751 355 827 opusculis
378 751 472 809 habiti
495 753 572 810 editi
595 753 722 812 lectitati
744 764 824 814 sunt.
868 753 948 811 Dein
971 772 1040 814 cum
1068 755 1148 812 hanc
1170 757 1353 831 opinionem

201 861 394 920 abiciendam
423 879 492 918 esse
521 862 600 920 inter
627 863 772 938 plurimos
798 862 1001 944 convenisset,
1041 863 1166 922 Boeclrh
1195 865 1226 922 in
1249 859 1353 925 ‘com-

202 972 393 1030 mentatione
422 969 453 1028 in
480 969 616 1030 Platonis
649 971 701 1046 qui
728 972 819 1046 vulgo
853 972 947 1030 fertur
980 972 1116 1030 Minoem
1151 973 1353 1050 eiusdemque

201 1081 294 1139 libros
316 1081 431 1156 priores
458 1081 498 1138 de
520 1063 651 1155 legibus'
681 1079 793 1140 Laertii
825 1082 999 1140 testimonio
1019 1072 1061 1140 ¹et
1088 1083 1154 1158 ipse
1181 1082 1285 1149 fretus,
1309 1084 1352 1140 de

201 1191 309 1248 virtute
337 1190 429 1248 etde
451 1190 532 1248 iusto
555 1189 694 1265 dialogos
722 1209 792 1248 cum
819 1190 922 1248 Minoe
950 1201 981 1249 et
1009 1190 1187 1267 Hipparcho
1220 1192 1353 1250 Simonis

202 1300 309 1358 sutoris
337 1317 407 1357 esse
430 1299 562 1358 Socratis
589 1307 623 1356 ut
648 1299 777 1357 traditur
799 1300 885 1358 amici
914 1309 945 1358 et
967 1300 1108 1376 discipuli
1138 1302 1353 1381 demonstrare

202 1417 330 1468 conatus
363 1417 419 1468 est.
475 1407 579 1466 Hodie
608 1427 677 1467 cum
711 1409 759 1465 vix
792 1410 953 1486 quisquam
991 1427 1103 1468 causae
1135 1409 1353 1469 Boeckhianae

202 1519 369 1593 susceperit
400 1517 610 1594 patrocinium.
642 1527 749 1576 contra
777 1519 935 1592 disputare
957 1537 1019 1577 uon
1041 1537 1118 1594 opus
1142 1528 1198 1580 est.
1248 1520 1352 1596 Atque

176 1700 178 1706 Ι
202 1629 266 1686 iure
294 1622 493 1686 Panaetium8
525 1627 747 1686 Socraticorum
779 1647 886 1690 omnes
918 1638 1039 1705 praeter
1071 1629 1209 1688 Platonis
1242 1630 1352 1688 Xeno·

203 1737 326 1814 phontis
341 1736 531 1795 Antisthenis
546 1737 705 1795 Aeschinis
722 1738 897 1796 Phaedonis
913 1739 1050 1812 Euclidis
1066 1740 1206 1814 dialogos
1229 1740 1350 1815 spurios

204 1847 358 1904 iudicasse
380 1848 442 1906 sive
457 1865 552 1923 negas
568 1848 632 1904 sive
651 1847 705 1922 ais,
721 1847 909 1927 neutiquam,
932 1849 958 1906 si
973 1848 1087 1922 dialogi
1103 1836 1229 1906 alicuius
1246 1849 1353 1907 titulus

205 1956 471 2034 Pseudoplatonici
493 1957 523 2014 in
545 1957 695 2016 indicibus
720 1958 774 2017 illis
803 1957 942 2031 occurrit,
970 1975 1038 2016 eam
1065 1957 1105 2014 ob
1130 1975 1256 2016 causam
1283 1958 1353 2016 dili-

158 2106 160 2111 ·
205 2067 381 2143 gentissima
413 2065 507 2140 ipsius
536 2067 770 2142 supersedemus
803 2066 1051 2142 perscrutatione.
1102 2066 1235 2124 Accedit
1266 2069 1354 2142 quod

207 2177 247 2234 illi
275 2176 398 2234 minime
426 2175 464 2234 ab
492 2175 575 2234 omni
600 2175 668 2238 labe
690 2176 840 2234 immunes
860 2185 939 2236 sunt.
984 2173 1077 2234 Cuius
1099 2176 1143 2232 rei
1163 2193 1258 2234 unum
1280 2195 1353 2252 pro·

206 2286 301 2344 feram
325 2286 508 2362 exemplum.
792 2368 799 2378 .

304 2397 397 2472 Apud
427 2394 553 2454 Suidam
583 2395 693 2470 legitur
719 2395 738 2453 i.
765 2413 792 2454 v.
820 2388 986 2468 Αίσχίνηςε
1022 2388 1167 2467 διάλογοι
1193 2389 1221 2455 δ’
1250 2391 1355 2456 αὐτοῦ

103 2543 108 2552 ·
205 2500 393 2580 Μιλτιάδης,
433 2500 579 2579 Καλλίας,
617 2493 739 2578 Ῥίνων,
774 2498 949 2578 Ἀσπασία,
986 2489 1139 2578 Ἀξίοχος,
1171 2499 1353 2582 Τηλαύγης,

191 2603 417 2692 ’Ἀλκιβιάδης
431 2609 482 2674 καὶ
497 2609 735 2687 οἱκαλοιίμενοι
754 2607 922 2688 ἀκέφαλοι,
939 2605 1098 2688 Φαίδων,
1113 2608 1354 2689 Πολύαινος,

203 2721 358 2801 Δράκων,
379 2710 535 2800 Ἐρυξίας,
558 2720 631 2799 περὶ
652 2715 779 2798 ἀρετῆς,
803 2707 1067 2800 Ἐρασίστρατος,
1089 2720 1241 2784 σκυτικοί.
1285 2723 1354 2780 lam

205 2835 239 2892 C.
264 2835 298 2895 F.
321 2829 501 2892 Hermann4
527 2833 679 2910 cognovit,
704 2804 780 2890 'cum
806 2831 884 2888 inter
906 2829 1040 2890 Platonis
1063 2833 1201 2907 dialogos
1231 2833 1354 2908 spurios

205 2952 289 3002 esset
310 2929 458 3018 Ἐρυξίας
480 2939 499 3016 ἢ
520 2937 780 3017 Ἐρασίστρατος
803 2935 916 3012 (Laert.
942 2939 979 2999 D.
1001 2939 1044 2997 ΠΙ
1067 2942 1129 3014 62),
1152 2943 1214 3000 veri
1236 2942 1353 3000 similli-

124 3056 127 3064 '
204 3071 286 3111 mum
311 3053 460 3112 essehoc
483 3069 606 3128 quoque
628 3051 697 3108 loco
719 3036 867 3125 Ἐρυξίας
893 3058 926 3107 et
947 3034 1202 3126 Ἐρασίστρατος
1225 3070 1287 3110 non
1311 3054 1355 3110 ad

128 3137 139 3150 ⁶
204 3165 285 3220 duos
309 3163 366 3220 sed
389 3163 431 3219 ad
453 3179 546 3219 unum
570 3162 722 3236 pertinere
749 3159 864 3230 librum,
900 3175 1030 3235 eumque
1053 3160 1105 3236 qui
1133 3160 1227 3220 hodie
1255 3170 1352 3220 extat.

205 3272 323 3329 Verum
345 3271 438 3328 etiam
460 3271 581 3344 gravior
602 3270 683 3328 inest
702 3286 794 3325 error.
834 3267 914 3326 Nam
936 3269 1115 3345 quicumque
1138 3270 1168 3327 in
1192 3288 1354 3346 compara·

206 3383 323 3439 tionem
357 3380 510 3438 vocaverit
546 3378 720 3436 Phaedonis
757 3377 949 3450 dialogorum
983 3377 1118 3436 indicem
1153 3367 1353 3436 Laertianum

207 3488 248 3562 (ll
274 3489 347 3564 105)
377 3483 551 3561 διαλόγους
581 3485 618 3548 δὲ
649 3482 835 3561 συνέγραψε
856 3482 1012 3562 γνησίους
1035 3485 1093 3559 μὲν
1113 3481 1281 3563 Ζώπυρον,
1303 3483 1353 3546 Σί-

206 3613 298 3675 μωνα
337 3593 388 3657 καὶ
415 3591 647 3671 δισταζόμενον
680 3590 801 3672 Νικίαν,
832 3589 1010 3671 Μήδειονῧ,
1043 3590 1087 3657 ὅν
1118 3593 1221 3672 φασί
1247 3613 1354 3672 τινες

306 3811 316 3848 ¹
335 3813 483 3864 Amstelod.
503 3810 580 3866 1711.

305 3905 416 3960 2Leuv.
437 3907 514 3960 1718.

306 4002 318 4040 ⁸
335 4008 422 4056 Laert.
435 4006 470 4057 D.
484 4006 511 4054 ΙΙ
524 4004 566 4058 64.
585 4007 619 4056 cs.
631 4007 747 4056 Krische
766 4006 924 4068 theologum.
943 4023 969 4071 p.
983 4004 1036 4058 408
1052 4023 1101 4072 sq..
1120 4007 1263 4057 Nietzsche
1285 4023 1353 4061 mus,

207 4103 296 4154 Rhen.
315 4104 414 4152 XXIV
432 4119 457 4168 p.
476 4101 527 4154 187
546 4118 594 4167 sq..
621 4103 709 4152 XXV
726 4119 752 4168 p.
772 4101 824 4154 219
841 4118 891 4168 sq..
919 4101 1003 4152 Zeller
1025 4103 1053 4152 in
1071 4103 1175 4157 Comm.
1193 4105 1352 4158 Mommsen.

207 4197 291 4266 prot
303 4215 368 4265 sqq..
379 4198 472 4248 Hirzel
486 4197 591 4252 Παίονα.
600 4212 635 4252 att
645 4197 1140 4266 ote.ptttos.Setrtfren1p.232sqq.,
1151 4201 1179 4250 II
1188 4218 1213 4266 p.
1224 4199 1277 4254 357
1285 4217 1353 4267 sqq,

208 4295 315 4346 Fowler
331 4294 449 4344 Panaetii
468 4301 495 4344 et
511 4297 605 4348 Hecat.
624 4295 715 4358 fragm.
734 4311 760 4361 p.
772 4293 808 4348 45
818 4311 876 4362 sqq.

305 4388 317 4426 4
335 4389 430 4445 Gessit.
449 4407 476 4444 ιι.
494 4389 564 4460 Syct.
584 4389 610 4444 d.
627 4389 696 4458 plat.
717 4389 823 4446 Paltos.
840 4409 866 4458 p.
880 4391 933 4446 582
951 4393 1011 4445 adn.
1031 4391 1090 4446 163.

307 4485 318 4521 ⁵
338 4486 485 4554 Μήδειον
504 4503 555 4537 non
575 4486 686 4554 Μήδιον
705 4488 846 4552 legendum
867 4505 924 4539 esse
943 4488 1011 4539 tituli
1031 4491 1136 4542 docent.
