2910 4994
651 335 685 410 lt

83 518 242 592 alcedinis
259 544 335 592 uoce
350 550 389 592 ex
403 528 505 593 littore
519 537 611 610 atque
625 549 664 592 ex
681 529 891 610 promunturio
907 527 1042 612 paullum
1057 520 1240 596 remotiore¹

85 662 270 703 sermonem
292 645 462 714 instituunt,
490 662 552 722 quo
576 644 719 714 confecto
742 645 849 704 urbem
871 663 975 704 versus
996 645 1239 722 proficiscuntur.

197 754 287 827 Quae
309 771 378 812 cum
427 755 509 813 mnia
537 745 652 830 optime
673 756 856 814 conveniant
878 766 910 812 et
932 773 1001 814 curn
1015 757 1148 814 locorum
1170 759 1241 836 situ,

88 865 195 941 qualis
217 864 311 922 hodie
334 862 518 939 perhibetur,
544 874 577 920 et
601 881 671 922 curn
693 873 831 924 veterum
853 866 894 922 de
916 866 950 923 iis
975 866 1163 937 testimoniis,
1187 878 1241 926 aut

89 974 227 1032 Athenis
260 973 464 1048 compositum
495 989 565 1030 esse
598 971 679 1030 hunc
709 973 863 1049 dialogum
889 983 941 1032 aut
968 975 1033 1032 eius
1061 977 1241 1051 scriptorem

87 1083 264 1160 aliquando
280 1081 365 1158 apud
380 1081 532 1140 civitatem
549 1081 684 1138 omnium
699 1081 848 1140 bonarum
863 1083 973 1140 artium
991 1085 1078 1158 quasi
1093 1085 1242 1142 nutricem

29 1245 33 1252 .
88 1201 318 1251 commoratum
340 1209 409 1250 esse
430 1192 601 1249 admodum
623 1191 789 1267 probabilis
811 1200 860 1250 est
881 1192 1022 1269 suspicio.

200 1305 425 1382 Disputationis
447 1305 535 1376 illius
558 1322 651 1380 quarn
673 1303 816 1363 Socrates
835 1313 868 1362 et
889 1301 1071 1380 Chaercpho
1093 1306 1243 1364 inducun-

88 1426 145 1472 tur
164 1415 325 1487 habentes,
349 1432 467 1473 summa
482 1427 530 1473 est
548 1415 580 1472 in
594 1413 678 1472 hisce
694 1414 818 1473 alterius
841 1415 939 1472 verbis
962 1410 999 1490 [c.
1016 1405 1046 1495 2]
1068 1413 1139 1489 πῶς
1161 1430 1241 1475 ποτε

91 1522 156 1602 χρὴ
180 1526 370 1598 natalitium.
383 1572 389 1584 .
404 1571 411 1585 .
426 1521 472 1601 ὡς
495 1521 529 1588 ἐξ
545 1519 683 1600 ὀρνίθων
697 1522 847 1601 γυναῖκές
863 1523 935 1587 rror'
951 1522 1091 1600 ἐγένοντ’
1114 1525 1134 1602 ἢ
1157 1524 1242 1604 ὄρνι-

91 1636 153 1710 θες
176 1630 212 1694 ἐκ
233 1633 407 1708 γυναικῶν;
428 1631 552 1710 παντὸς
575 1631 637 1709 γὰρ
661 1633 785 1710 μᾶλλον
811 1629 1013 1698 ἀδύνατον
1043 1634 1243 1713 φαίνεται

91 1744 179 1807 πᾶν
209 1743 256 1806 τὸ
287 1743 481 1806 τοιοῦτον.
525 1745 577 1803 Ad
603 1761 683 1820 quae
705 1744 846 1804 Socrates
873 1745 1009 1823 alioquin
1037 1747 1144 1805 talium
1180 1764 1242 1805 non

95 1855 238 1912 curiosus
257 1854 436 1930 respondet:

198 1965 247 2022 Ea
275 1981 355 2041 quae
383 1964 448 2022 fieri
472 1972 602 2040 possunt
630 1973 664 2022 et
685 1981 723 2022 ea
744 1981 824 2042 quae
850 1964 915 2023 lieri
934 1981 998 2022 non
1018 1975 1159 2040 possunt,
1181 1984 1242 2022 non

97 2074 213 2133 nostris
235 2074 430 2132 facultatibus
453 2075 612 2132 metienda
633 2074 691 2132 sed
712 2083 840 2133 naturae
862 2075 940 2132 vires
960 2075 1143 2150 cogitandae
1164 2085 1243 2136 sunt.

99 2185 191 2258 Quae
213 2201 283 2242 curn
303 2185 421 2241 caelum
439 2183 600 2242 tonitribus
617 2183 785 2258 fulguribus
801 2185 942 2259 procellis
958 2184 1106 2260 agitatum
1129 2194 1161 2242 et
1183 2195 1244 2242 tur-

97 2294 209 2351 batum
229 2294 313 2350 brevi
322 2271 507 2351 'reddiderit
521 2294 663 2351 sedatum
675 2301 706 2350 et
727 2310 880 2368 serenum,
902 2293 979 2369 quid
1000 2294 1103 2352 obstat
1127 2293 1244 2368 quomi-

98 2419 158 2460 nus
188 2403 346 2460 mulierem
375 2399 407 2459 in
434 2402 497 2460 avis
523 2401 651 2460 formam
674 2401 815 2478 redigere
843 2418 913 2459 eam
945 2419 1038 2478 posse
1065 2398 1245 2460 credamus?

101 2511 162 2570 Vel
191 2513 277 2588 pueri
303 2513 414 2572 eodem
447 2512 513 2570 luto
539 2513 712 2588 eademque
740 2529 811 2571 cera
836 2511 925 2569 facile
953 2513 1063 2570 multas
1089 2521 1122 2569 et
1147 2512 1246 2569 varias

103 2620 253 2698 effingunt
266 2622 387 2700 figuras,
410 2622 483 2697 quid
498 2622 650 2696 igiturest
670 2639 766 2696 quare
780 2621 864 2679 idem
886 2621 964 2680 haec
984 2617 1140 2697 nequeat?
1166 2620 1245 2678 Nam

103 2730 181 2789 sicut
201 2732 246 2788 vir
266 2748 395 2807 puerum
415 2732 505 2807 longe
528 2739 652 2807 superat
667 2741 699 2790 et
714 2732 849 2808 corporis
870 2742 901 2788 et
923 2726 1038 2806 ingenii
1059 2731 1180 2800 viribus,
1204 2733 1246 2788 ita

103 2840 200 2898 multo
222 2841 319 2915 magis
342 2849 452 2899 natura
480 2841 548 2899 viris
574 2848 731 2916 praestare
757 2841 897 2917 putanda
923 2848 980 2898 est.
1024 2841 1073 2898 An
1095 2857 1167 2897 vero
1190 2839 1245 2897 ho-

104 2951 202 3008 mines
232 2950 400 3008 litterarum
429 2950 527 3009 'nescii
559 2950 775 3026 tibicinumque
807 2950 879 3008 artis
913 2949 1006 3007 rudes
1035 2949 1189 3007 mulierem
1215 2951 1246 3007 in

107 3077 193 3117 avem
214 3059 297 3135 prius
322 3067 476 3118 mutarent
498 3076 591 3135 quarn
612 3059 750 3134 legerent
771 3060 820 3118 vel
841 3059 921 3117 tibiis
944 3066 1106 3118 canerent:
1129 3067 1247 3135 natura,

106 3185 184 3242 quae
209 3185 248 3225 ex
269 3143 438 3227 vermiculis
461 3168 638 3228 informibus
664 3169 768 3244 apium
788 3168 931 3226 examina
952 3177 984 3224 et
1012 3185 1051 3224 ex
1072 3167 1136 3224 ovis
1159 3167 1246 3224 innu-

106 3291 203 3334 meras
223 3277 286 3336 edit
308 3278 479 3337 animalium
494 3279 623 3355 species
646 3277 704 3335 hac
721 3277 867 3335 facultate
885 3272 1026 3335 careret?
1047 3276 1156 3351 Itaque
1178 3295 1246 3334 curn

108 3385 146 3443 rle
175 3385 263 3444 huius
289 3386 374 3445 modi
396 3388 485 3444 rebus
507 3387 612 3445 fierine
634 3387 753 3462 possint
773 3403 883 3454 necne,
914 3402 975 3461 qua
1004 3403 1107 3443 sumus
1137 3387 1247 3444 mentis

109 3483 324 3568 imbecillitate,¹
352 3497 426 3554 certi
455 3497 620 3571 quicquam
647 3496 723 3554 scire
750 3513 814 3553 non
847 3495 1008 3570 possimus,
1036 3494 1143 3552 fabulis
1175 3495 1247 3564 istis,

109 3622 182 3678 quas
204 3623 223 3661 a
252 3606 390 3680 patribus
414 3607 599 3681 accepimus
624 3605 804 3684 praesertim
835 3605 859 3661 si
888 3604 930 3661 ad
960 3604 1052 3660 vitam
1084 3603 1247 3661 humanam

109 3714 330 3772 emendandam
351 3715 464 3784 valent,
485 3715 578 3772 fidem
600 3715 750 3788 derogare
768 3731 830 3772 non
853 3713 898 3771 fas
920 3723 976 3773 est.

207 3823 305 3883 Huius
327 3825 599 3900 argumentationis
632 3833 798 3899 antequam
819 3823 955 3881 conabor
978 3823 1065 3898 quasi
1087 3824 1178 3882 telam
1201 3841 1248 3880 re-

108 3998 303 4010 -ιι-ι--κ

206 4106 216 4144 ¹
239 4111 424 4175 Intellegenda
447 4117 488 4161 est
511 4111 583 4162 haud
605 4110 686 4161 dubie
711 4109 784 4177 ἄκρα
805 4107 919 4171 Κωλιάς.
956 4108 1040 4174 Quam
1063 4121 1122 4156 curn
1140 4103 1249 4157 Ulrichs
1303 4099 1307 4104 ’

110 4205 140 4274 [1,
161 4221 183 4257 c.
202 4221 228 4272 p¹
243 4205 305 4274 182]
324 4208 403 4272 longe
422 4225 437 4258 a
456 4209 591 4258 Phalerico
611 4216 737 4258 remotam
755 4206 836 4256 fuisse
855 4205 1039 4263 existimasset,
1058 4217 1138 4268 nuper
1155 4203 1249 4252 Milch·

108 4305 200 4355 hoeler
218 4299 291 4371 [Eri.
306 4303 371 4358 Tauri
389 4317 423 4358 au
440 4301 491 4357 dea
509 4301 619 4357 Kartera
635 4318 686 4356 uon
704 4301 803 4357 Attalea
820 4301 863 4370 tp.
881 4316 932 4354 uon
950 4298 1060 4354 Curtius
1076 4313 1103 4350 a.
1122 4295 1250 4366 Kaupert

108 4404 135 4452 Π
151 4417 176 4467 p.
192 4399 230 4467 2]‚
258 4401 305 4451 ubi
326 4417 394 4451 nunc
412 4401 549 4467 Trispyrgi
574 4399 749 4467 appellantur,
774 4397 840 4449 olim
862 4399 899 4449 ita
917 4405 1036 4448 vocatam
1061 4410 1121 4446 esse
1144 4396 1248 4446 idoneis

110 4499 267 4562 argumentis
285 4497 417 4564 probavit.
454 4498 527 4562 Quae
546 4497 638 4561 opinio
657 4505 786 4561 quatenus
797 4495 849 4546 hoc
863 4494 970 4558 dialogo
984 4492 1149 4544 confirmetur
1160 4492 1249 4560 liquet.
1317 4526 1320 4535 ·
