2910 4994
638 359 672 416 25

185 537 248 596 lam
270 537 392 598 calculis
418 537 576 604 subductis
602 554 751 594 summam
773 533 936 592 faciamus:
972 531 1116 606 Alcyonis
1138 529 1228 604 igitur

77 651 213 726 scriptor
241 641 304 706 non
326 649 425 705 solum
449 647 600 721 cognitam
631 644 736 704 hahuit
757 643 926 704 Stoicorum
949 641 1149 717 disciplinam,
1171 641 1228 701 sed
1294 631 1296 636 ’

70 759 178 828 ,etiam
200 745 359 816 adfinitate
388 757 521 833 quadam
552 773 620 814 cum
649 753 683 812 iis
712 753 837 812 videtur
855 752 1036 810 coniunctus
1059 767 1139 812 esse.
1181 749 1250 806 Ex·

80 886 149 944 quo
171 867 297 925 efficitur
319 867 473 942 dialogum
497 883 560 923 non
580 873 652 924 ante
676 863 830 922 saeculum
853 862 898 922 111
919 879 989 920 esse
1012 841 1226 934 consciiptum.

80 978 125 1035 Et
149 977 293 1052 quoniam
314 975 417 1036 Nicias
439 975 629 1052 Nicaeensis,
652 974 743 1032 homo
765 971 905 1031 Sullanae
928 971 991 1029 fere
1014 970 1135 1048 aetatis,
1160 985 1228 1028 esse

81 1087 137 1161 qni
161 1088 200 1144 de
221 1086 287 1144 eins
304 1087 450 1160 scriptore
473 1085 679 1144 coniecturam
701 1083 847 1142 fecissent
859 1076 880 1150 1,
903 1081 1068 1138 memoriae
1091 1076 1226 1150 tradidit,

81 1215 157 1253 eum
184 1196 308 1254 saeculo
331 1195 366 1253 ΙΙ1
389 1206 522 1252 exeunte
552 1195 707 1270 volgatum
739 1193 832 1250 fuisse
865 1189 1068 1265 cognoscitur.
1120 1187 1229 1262 ltaque
1337 1207 1339 1212 ¹

81 1316 185 1364 utrum
205 1307 328 1364 saeculo
343 1304 387 1364 ΙΙΙ
410 1324 449 1363 an
471 1305 592 1364 saeculo
610 1304 636 1362 ll
658 1303 774 1362 ineunti
787 1302 954 1378 Alcyonem
976 1298 1141 1358 attribuere
1165 1313 1228 1356 ma·
1338 1289 1360 1364 J

82 1415 132 1489 lis,
161 1415 304 1474 iudicium
334 1425 382 1474 est
409 1424 500 1474 tuum.
547 1413 763 1472 Consideranti
785 1421 885 1470 autem
916 1419 1031 1487 quanto
1059 1409 1175 1464 honore
1198 1413 1229 1462 et

82 1524 185 1598 gratia
206 1525 274 1582 illae
290 1525 330 1581 de
351 1524 473 1581 mutatis
497 1523 599 1580 formis
615 1521 736 1580 fabulae
751 1521 907 1578 floruerint
922 1537 998 1578 aevo
1012 1516 1230 1590 Alexandnnn,

84 1644 297 1708 quantumque
323 1635 354 1690 iu
382 1633 417 1692 iis
445 1632 660 1706 investigandis
688 1638 719 1688 et
746 1629 930 1688 exornandis
960 1627 1098 1686 studium
1117 1634 1230 1701 poetae

84 1743 306 1802 collocaverint
318 1738 340 1812 2,
373 1751 406 1808 et
431 1741 592 1818 reputanti,
626 1747 740 1815 quanta
767 1739 937 1820 cupiditate
965 1737 1081 1795 incensi
1104 1747 1176 1796 tuuc
1199 1743 1231 1794 et
1311 1741 1314 1748 ’

87 1991 204 2068 ...ἀλλῗ
224 1992 396 2056 ἐμπεσόντος
415 1993 491 2056 τινὸς
510 1991 638 2055 ἀτάκτως
648 1993 702 2053 ,καί
721 1989 933 2057 ἀνατρέψαντος
952 1983 1128 2052 συντρίβεται
1147 1999 1231 2036 κατα-

86 2086 185 2140 πεσὼν
203 2089 249 2140 καί
267 2086 373 2152 γίνεται
389 2086 560 2156 ἀμόρφωτος
578 2091 624 2154 γῆ.
654 2088 670 2140 δ
690 2088 720 2140 δέ
739 2085 867 2151 τεχνίτης
886 2084 1031 2151 βουληθείς
1045 2081 1131 2145 ὀξέως
1150 2081 1232 2135 inov-
1305 2109 1307 2114 ·

86 2189 169 2252 ορθοῖ
188 2186 222 2238 τὸ
235 2185 344 2256 συμβὰν
355 2188 400 2238 καί
412 2186 495 2242 πάλιν
508 2186 598 2252 πηλὸν
616 2181 789 2251 ’σχηματίσας
804 2189 840 2252 τῇ
859 2183 953 2250 τέχνῃ,
973 2181 1058 2235 οὐδὲν
1071 2185 1165 2246 χεῖρον
1178 2184 1231 2232 τοῦ

86 2283 153 2335 ποτ’
181 2284 265 2346 ὄντος
288 2281 475 2349 ἀπεργάζεται
498 2282 532 2335 τὸ
555 2286 663 2345 σκεῦος.
695 2282 740 2334 καί
758 2281 774 2334 ὁ
795 2280 846 2345 μὲν
869 2279 1005 2346 κεραμεὺς
1027 2278 1111 2341 οὗτος
1134 2277 1233 2343 μικρὸν

87 2383 140 2445 τῆς
158 2385 210 2433 τοῠ
229 2383 296 2433 θεοῦ
316 2379 463 2444 δυνάμεως
483 2377 592 2446 κτίσμα,
611 2381 627 2433 ὁ
644 2379 675 2433 δέ
687 2379 752 2443 θεὸς
763 2377 921 2432 ἀπιστεῖται
933 2376 1156 2442 ὑπισχνούμενος
1169 2375 1232 2428 ἀνα-

88 2475 220 2533 καινίζειν
240 2478 291 2530 τὸν
308 2471 478 2544 τεθνηκότας

189 2569 201 2609 ¹
219 2576 320 2627 Athen.
338 2575 383 2625 XI
398 2593 424 2642 p.
438 2573 514 2628 5060
535 2575 552 2628 t
571 2575 602 2628 δὲ
619 2577 682 2642 περὶ
698 2559 874 2639 Ἀλκιβιάδου
892 2573 1003 2641 εἴρηκεν
1022 2569 1121 2637 [Plato]
1142 2571 1173 2624 ἐν
1191 2578 1232 2641 τῷ

88 2669 243 2739 Συμποσίῳ
261 2671 322 2724 οὐδ’
341 2671 382 2735 είς
399 2675 461 2738 φῶς
479 2670 608 2737 λέγεσθαί
627 2671 703 2726 ἐστιν
722 2673 805 2737 ἄξιον,
825 2671 856 2724 ἔν
874 2687 906 2726 τε
923 2677 966 2740 τῳ
979 2673 1111 2739 προτέρῳ
1124 2674 1183 2723 τῶν
1196 2671 1235 2734 εἰς

90 2769 179 2820 αὐτὸν
198 2769 351 2834 διαλόγων·
371 2770 387 2822 ὁ
406 2769 459 2836 γὰρ
483 2769 614 2835 δεύτερος
633 2769 689 2822 ὑπὸ
712 2785 799 2822 τινων
817 2769 1006 2845 Ξενοφῶντος
1024 2770 1096 2824 εἶναι
1114 2769 1234 2835 λέγεται,

92 2867 132 2928 ὡς
150 2868 196 2918 καί
214 2867 233 2931 ἡ
251 2861 380 2919 Ἀλκυὼν
392 2855 518 2930 Λέοντος
530 2869 582 2919 του
595 2865 809 2931 Ἀκαδημαικοο,
827 2866 867 2931 ῶς
885 2878 957 2933 φησι
968 2864 1062 2930 Νικίας
1080 2865 1233 2930 ὁΝικαεύς,

92 2964 124 3014 ci.
143 2965 231 3015 Laert.
250 2962 331 3026 Diog.
349 2961 391 3014 111
409 2961 444 3016 62
462 2963 480 3028 ἡ
497 2957 625 3016 Ἀλκυὼν
644 2963 765 3026 Λέοντός
781 2979 857 3026 τινος
873 2965 944 3016 εἶναι
964 2965 1049 3028 δοκεῖ,
1072 2961 1144 3016 καθά
1163 2975 1233 3028 φησι

93 3061 258 3126 Φαβωρῖνος
277 3059 366 3127 ἐντῷ
385 3059 505 3128 πέμπτῳ
523 3063 583 3112 τῶν
601 3057 908 3125 ἀπομνημονευμάτων.
944 3063 1016 3110 Ante
1028 3056 1134 3109 Niciam
1152 3059 1233 3108 inisse

92 3157 137 3221 qui
155 3157 305 3222 Alcyonem
324 3158 421 3206 Leonti
445 3158 591 3207 tribuerent
617 3173 648 3206 ex
667 3157 808 3206 Athenaeo
830 3155 1000 3218 intellegitur.
1038 3155 1090 3220 Qui
1108 3171 1158 3206 nec
1176 3172 1235 3221 pru·

94 3253 228 3302 dentiores
247 3267 296 3302 nec
314 3252 445 3304 doctiores
464 3254 588 3303 videntur
606 3253 687 3304 inisse
707 3269 785 3318 quam
804 3253 850 3320 qni
868 3251 1034 3303 Alcibiadem
1055 3251 1166 3302 alterum
1177 3252 1234 3300 Xe-

94 3348 233 3414 nophontis
254 3363 313 3398 esse
332 3349 509 3402 coniecerunt.
547 3351 582 3402 V.
601 3349 630 3400 C.
640 3351 671 3402 F.
682 3351 818 3399 Hermann
836 3345 929 3402 Geel.
948 3346 1058 3416 ttSyst.
1071 3345 1117 3401 der
1131 3346 1234 3416 platon.

96 3443 195 3498 Philus.
212 3463 240 3512 ¹p.
252 3443 314 3498 420.
351 3447 393 3496 De
406 3447 507 3496 Leonte
526 3447 565 3519 cf..
577 3446 643 3499 ibid.
662 3462 687 3511 p.
700 3445 754 3498 418
774 3453 801 3496 et
819 3443 872 3498 584
891 3439 951 3496 adn.
971 3444 1031 3505 176,
1050 3445 1080 3496 C.
1090 3445 1120 3494 L.
1131 3445 1236 3508 Kayser

94 3543 128 3591 ad
144 3541 270 3594 Philostr.
290 3543 335 3592 vit.
355 3543 429 3610 soph.
447 3559 472 3608 p.
488 3542 540 3596 162
550 3519 598 3609 sq„
619 3543 648 3594 C.
659 3542 773 3593 Mueller
785 3543 864 3592 FHG
875 3542 903 3591 II
915 3518 975 3595 3²28.
1010 3543 1086 3592 Duos
1099 3540 1235 3606 Alcyones

96 3639 121 3687 in
144 3638 262 3714 Platonis
287 3640 414 3690 librorum
440 3639 572 3690 indicibus
602 3639 714 3690 arabicis
740 3640 937 3689 commemorari
965 3645 1110 3688 narrantem
1130 3635 1236 3687 Wenri·
1277 3709 1278 3712 Ἴ

97 3726 181 3786 chium
206 3737 240 3787 de
263 3745 330 3787 auct.
350 3751 387 3800 gr.
406 3753 487 3788 verss.
513 3744 561 3788 etc.
586 3753 611 3802 p.
627 3734 678 3789 120
705 3735 743 3802 [et
762 3735 889 3798 Casirium
911 3735 979 3787 bibl.
1002 3733 1237 3800 arabico-hispana

97 3831 223 3884 Es'corial.
247 3833 261 3880 I
284 3847 309 3896 p.
326 3829 389 3898 302]
414 3832 510 3882 refutat
530 3836 565 3885 A.
584 3833 698 3883 Mueller
723 3830 767 3894 dic
788 3829 884 3901 perch.
904 3829 1008 3886 Philon.
1031 3829 1063 3884 tn
1086 3829 1134 3885 der
1157 3829 1236 3884 arab.

7 3949 9 3994 χ
104 3924 313 3995 Urberlieferunp
330 3944 357 3994 p.
372 3927 397 3980 7.

7 4003 8 4042 ί
83 3999 84 4004 ¹
195 4017 414 4074 ⁹Hermesianax
432 4021 588 4073 Theocritus
607 4023 784 4074 Callimachus
802 4022 966 4089 Apollonius
983 4023 1107 4073 Rhodius
1129 4023 1237 4090 Eupho·
1311 4065 1314 4072 .

97 4118 134 4168 rio
154 4117 304 4170 Phanocles
333 4120 376 4169 alii
397 4121 426 4169 in
449 4119 609 4171 carminibus
631 4121 685 4170 suis
709 4121 966 4170 transformationem
991 4119 1093 4169 fabulas
1120 4135 1239 4170 narrave-

99 4221 162 4266 runt.
212 4215 338 4266 Nicandri
362 4215 573 4283 Ἔτεροιούμενα
601 4218 721 4267 omnibus
754 4223 825 4269 nota.
873 4217 915 4267 De
946 4217 1014 4268 Boei
1042 4211 1238 4286 Ὀρνιθογονίᾳ

7 4331 9 4368 l
98 4310 148 4360 illis
168 4309 330 4376 temporibus
354 4309 414 4360 ficta
437 4327 461 4362 ν.
481 4311 513 4362 O.
529 4305 598 4376 Jahn
616 4308 697 4363 Aret.
717 4307 848 4378 Beitrdqc
867 4327 893 4377 p.
906 4309 959 4363 420
981 4319 1008 4361 et
1026 4311 1138 4361 Knaack
1158 4310 1237 4364 anall.

7 4481 8 4488 ἵ
99 4406 371 4460 Alexandrino-Rom.
380 4424 406 4473 p.
415 4406 439 4468 2,
452 4408 485 4456 dc
497 4403 623 4473 [Eumeli]
636 4405 774 4486 Βουγονίᾳ
785 4407 872 4471 Bergk
884 4423 949 4459 mus.
959 4407 1071 4459 Rhen.I
1083 4423 1108 4474 p.
1119 4406 1171 4460 365
1179 4424 1237 4475 sqq.

100 4503 350 4570 Metamorphoseon
370 4505 510 4570 scriptores
528 4510 679 4554 enum-erant
696 4503 822 4554 Heinsius
842 4503 875 4552 ad
894 4502 973 4555 Ovid.
992 4510 1053 4556 met.
1073 4505 1086 4553 I
1106 4503 1135 4563 1;
1160 4504 1238 4555 Meli·
1347 4491 1350 4496 ¹
