2910 4994
758 333 791 408 ll

199 535 271 590 hem
291 519 333 592 ad
354 521 534 592 imitandum
554 525 611 592 sibi
633 531 831 610 proposuisse
853 531 1041 611 scriptorem,
1061 526 1124 594 veri
1146 521 1242 594 simile
1261 521 1350 594 vide·

200 644 279 701 bitur
300 643 470 702 accuratius
492 643 695 720 perpendenti
717 661 787 700 cnm
814 653 916 703 cetera
938 661 1017 720 quae
1037 647 1133 704 modo
1160 661 1353 707 commemo·

199 753 261 810 ravi
283 759 348 809 tum
369 752 499 810 maxime
521 752 739 827 anastropham
761 753 1003 829 praepositionis.
1059 754 1181 812 Etenim
1204 771 1241 810 ex
1264 764 1352 811 vete-

199 862 280 920 ribus
302 877 413 938 prosae
435 861 581 920 orationis
603 861 800 938 scriptoribus
823 863 879 920 soli
891 861 1070 922 Herodotus
1093 871 1123 922 et
1145 861 1351 938 Thucydides

200 981 232 1028 et
253 970 417 1046 praecipue
432 969 519 1028 Plato
541 971 663 1046 saepius
677 966 752 1046 ’πέρι
767 979 840 1046 post
853 971 1028 1044 genetivum
1044 989 1176 1048 posuere
1188 967 1209 1032 ¹.
1245 971 1349 1046 Quem

199 1097 288 1138 usum
317 1098 356 1138 ea
381 1097 444 1154 qua
470 1079 537 1154 ipse
565 1078 622 1136 suit
651 1087 754 1137 aetate
775 1078 964 1137 obsolevisse
985 1079 1101 1138 diserte
1130 1087 1259 1138 testatur
1280 1081 1352 1138 Ari·

200 1189 326 1248 stoteles
348 1191 389 1248 de
415 1199 480 1246 arte
501 1197 586 1265 poet.
610 1207 639 1264 p.
657 1184 764 1248 1458b
777 1189 813 1247 31
829 1205 895 1264 sqq.
937 1189 1047 1266 ltaque
1074 1198 1113 1246 et
1132 1191 1216 1266 apud
1247 1191 1350 1266 ipsum

200 1291 507 1374 Theophrastumque
523 1297 705 1373 discipulum
720 1298 869 1356 invenitur
887 1298 1048 1378 rarissime,
1070 1306 1101 1357 et
1121 1299 1190 1357 nisi·
1202 1300 1275 1374 quid
1296 1317 1350 1358 me

201 1407 278 1482 fugit
296 1425 419 1482 prorsus
441 1407 530 1466 deest
550 1407 635 1481 apud
654 1407 816 1482 scriptores
832 1415 936 1464 aetate
950 1407 1117 1484 inferiores,
1139 1425 1267 1484 quorum
1281 1409 1349 1484 qui-

199 1518 272 1574 dem
294 1526 348 1575 aut
369 1517 488 1592 integra
509 1533 603 1591 opera
624 1523 676 1573 aut
692 1532 820 1589 operum
836 1515 1005 1590 fragmenta
1019 1515 1103 1573 diem
1118 1512 1247 1576 toleret.
1282 1517 1350 1574 Pri·

200 1643 284 1684 mum
303 1641 405 1682 rursus
426 1622 585 1682 instaurati
606 1605 679 1681 usus
711 1623 883 1698 exemplum
905 1622 1025 1681 videtur
1046 1641 1115 1683 esse
1136 1626 1167 1683 in
1190 1626 1351 1702 Asclepio-

200 1736 267 1794 doti
299 1732 454 1792 Posidonii
488 1732 630 1809 discipuli
662 1742 727 1791 arte
761 1732 874 1790 raetica
905 1726 948 1809 [c.
971 1733 990 1791 3
1017 1727 1170 1809 ἁρμάτων
1192 1751 1227 1795 τε
1247 1731 1348 1813 πέρι].

199 1844 310 1920 Neque
335 1861 407 1902 vero
434 1851 551 1919 postea,
584 1850 733 1916 quantum
757 1841 900 1917 equidem
924 1841 1092 1915 observavi,
1121 1860 1192 1900 eum
1214 1844 1351 1919 amplexi

200 1961 279 2030 sunt,
308 1953 366 2010 nisi
388 1952 440 2028 qui
462 1952 563 2027 aliquo
585 1951 680 2010 modo
703 1949 837 2008 Platonis
861 1951 995 2009 sermoni
1024 1947 1198 2011 imitand0³
1219 1970 1351 2028 operam

199 2062 364 2133 dederunt,
391 2071 425 2118 ut
446 2059 532 2120 Philo
553 2059 686 2118 Iudaeus
711 2057 772 2116 Dio
798 2057 1032 2135 Chrysostomus
1055 2035 1214 2119 Lucianus
1235 2060 1350 2120 Nume-

199 2171 266 2228 nius
283 2169 433 2228 Maximus
450 2168 559 2245 Tyrius
575 2168 720 2228 Clemens
742 2168 967 2227 Alexandrinus
989 2167 1126 2227 Plotinus
1147 2169 1349 2229 Philostratus

89 2339 90 2344 ,
199 2279 386 2338 Themistius
405 2278 541 2336 lulianus
551 2274 574 2338 4.

300 2387 349 2446 De
376 2404 517 2445 sermone
545 2387 660 2444 dictum
691 2396 748 2459 est,
778 2387 823 2443 de
850 2395 1073 2462 argumento
1101 2387 1267 2473 dicepdum
1288 2397 1348 2448 est.

200 2496 269 2554 Iure
297 2498 379 2554 enim
407 2497 437 2554 in
463 2495 511 2553 his
537 2495 768 2570 quaestionibus
797 2514 860 2553 non
886 2497 983 2554 minus
1010 2513 1110 2562 errare
1132 2497 1348 2561 existimantur

197 2606 251 2682 qui
272 2606 420 2665 sermonis
443 2605 545 2674 solius,
566 2622 659 2681 quarn
681 2605 734 2680 qui
752 2606 818 2662 eius
835 2605 947 2662 nullam
969 2604 1102 2663 habeant
1123 2606 1283 2664 rationem

298 2715 440 2774 Socrates
466 2716 556 2790 igitur
579 2713 821 2792 Chaerephoque
844 2715 1021 2773 ambulandi
1040 2733 1133 2774 causa
1155 2716 1187 2775 in
1209 2716 1348 2775 Phaleri·

199 2821 294 2883 cum5
313 2826 539 2884 descendentes
555 2845 601 2866 ¹-
622 2825 675 2882 ubi
696 2833 822 2901 propter
843 2825 902 2883 loci
925 2824 1122 2895 solitudinem
1144 2825 1284 2884 meditari
1313 2835 1346 2883 et

199 2935 241 2992 ad
274 2935 397 2995 fluctum
426 2925 511 2993 aiunt
545 2935 716 2992 declamare
750 2934 872 3009 solitmn
897 2933 1142 2993 Demosthenem
1170 2966 1208 2976 -
1236 2935 1346 2994 audita

198 3237 303 3300 μᾶλλον
322 3235 392 3302 apud
410 3234 550 3301 scriptores
570 3235 614 3300 qui
626 3233 763 3285 Platonem
781 3233 923 3295 imitantur,
942 3249 964 3286 e.
978 3249 1003 3298 g.
1022 3249 1047 3284 v.
1066 3232 1132 3286 Alb.
1145 3233 1211 3283 Iahn
1223 3232 1344 3284 Method.

196 3333 323 3398 platonlz.
342 3332 402 3383 adn.
420 3330 482 3384 403.
864 3337 866 3342 '
1304 3383 1306 3388 .

297 3424 307 3462 ¹
325 3428 356 3480 cf.
374 3428 505 3491 Kruegeri
522 3427 554 3479 G.
572 3427 605 3479 G.
622 3423 693 3496 §68‚
705 3425 731 3488 4,
751 3425 858 3476 Schmid
879 3425 896 3479 l.
915 3443 938 3480 c.
957 3427 971 3476 I
989 3443 1014 3492 p.
1028 3425 1080 3480 247
1100 3433 1126 3476 et
1143 3427 1171 3476 Π
1188 3443 1215 3493 p.
1229 3425 1272 3480 64.

194 3562 196 3566 ,
295 3521 360 3578 ²ci.
379 3525 489 3575 Eucken
511 3524 545 3574 de
563 3539 686 3590 praepos.
704 3539 754 3574 usu
770 3525 851 3574 Arist.
870 3539 896 3589 p.
910 3521 953 3583 62,
971 3524 1062 3574 Krebs
1083 3523 1111 3573 in
1131 3523 1241 3573 Schanzi
1259 3524 1345 3590 symb.

198 3619 367 3686 ffiIpffl

296 3714 500 3784 ⁸Excipiendus
512 3718 639 3768 Arrianus
658 3717 705 3782 qui
716 3717 884 3767 Herodotum
903 3716 1008 3767 videtur
1027 3723 1132 3768 secutus
1150 3733 1217 3769 esse.
1244 3719 1285 3768 Ex
1304 3719 1344 3768 iu-

171 3831 174 3836 ·
197 3815 272 3866 limae
291 3815 442 3878 graecitatis
461 3815 632 3882 scriptoribus
651 3829 732 3864 unum
751 3814 858 3864 nomino
872 3813 1020 3864 Zachariam
1035 3813 1247 3880 Mytilenensem,
1267 3831 1345 3880 quem

196 3919 221 3961 et
244 3912 305 3961 aliis
329 3912 363 3962 de
387 3912 474 3962 causis
498 3919 524 3962 et
545 3918 653 3978 propter
677 3911 784 3962 nimium
809 3910 981 3976 anastrophae
1005 3927 1080 3962 usum
1102 3911 1223 3962 Platonis
1243 3912 1345 3964 simiam

194 4009 251 4058 iure
270 4009 374 4062 dixeris,

217 4090 222 4106 ⁸
294 4102 308 4140 ⁴
325 4106 447 4173 Denique
464 4122 497 4157 ne
516 4106 578 4172 quid
596 4113 766 4172 praeteream,
784 4105 858 4172 quod
876 4119 930 4154 non
949 4110 990 4155 est
1007 4103 1276 4171 praetermittendum,
1302 4119 1347 4154 so·

196 4203 235 4254 let
253 4204 362 4270 scriptor
379 4203 541 4266 coniungere
559 4203 647 4269 potius
664 4203 734 4268 paris
746 4201 809 4252 iuris
828 4202 963 4251 enuntiata
975 4217 1051 4266 quam
1068 4200 1180 4250 alterum
1195 4200 1269 4250 alteri
1282 4201 1345 4250 sub·

196 4301 305 4364 iungere
324 4314 410 4366 neque
428 4315 487 4350 raro
505 4299 591 4352 saltat
608 4295 731 4351 incidam
747 4295 903 4366 particulas
921 4297 995 4347 velut
1012 4312 1035 4349 c.
1054 4295 1079 4348 2.

229 4415 232 4420 ’
295 4381 344 4450 ⁵⁴0.
364 4397 381 4450 8
399 4396 534 4464 προάγειν
552 4397 607 4463 ἤδη
626 4395 697 4463 πρὸς
721 4394 792 4448 doru
817 4393 912 4460 καιρὸς
931 4393 963 4446 ἐκ
980 4397 1034 4446 τοῦ
1050 4391 1222 4458 Φαληρικοί),
1240 4392 1274 4444 cf.
1293 4391 1344 4442 Ul-

117 4567 119 4573 ·
193 4495 264 4548 uichs
283 4494 381 4550 Reman
399 4493 458 4546 und
479 4493 590 4547 Fovselr.
611 4494 639 4544 II
658 4510 684 4560 p.
699 4490 759 4554 165,
772 4492 815 4546 20.
