2910 4994
665 377 697 432 11

96 555 254 627 eflicitur.¹
293 554 415 613 Etenim
437 573 498 612 non
527 573 625 631 pauca
646 554 841 612 inveniuntur
863 554 1011 613 vocabula
1033 561 1065 612 et
1086 552 1252 612 vocabulo·
1316 566 1319 584 ¹

99 685 171 724 rum
194 665 433 738 significationes
456 674 550 741 atque
572 665 825 734 constructiones
855 681 936 739 quae
959 665 998 722 ab
1024 663 1117 721 Attici
1139 677 1251 721 sermo·
1299 635 1308 652 ”

98 775 151 832 nis
182 773 408 832 consuetudine
440 772 532 848 longe
559 772 718 832 recedunt.
766 769 860 830 Cuius
893 770 1013 846 generis
1047 769 1136 828 huius
1169 769 1253 827 modi

100 891 179 942 sunt
201 884 344 958 exempla
359 882 498 957 potiora:

207 988 283 1067 ἕως
305 1009 374 1049 cum
397 993 540 1066 genetivo
566 991 701 1049 iunctum
723 982 760 1072 [c.
778 993 797 1049 4
821 985 883 1064 ἕως
903 989 963 1049 τοῦ
983 980 1064 1071 νῦν],
1084 991 1169 1066 quod
1192 1005 1253 1045 non

101 1102 217 1175 legitur
240 1101 323 1177 apud
347 1102 465 1158 Atticos
490 1101 663 1174 scriptores,
689 1118 755 1157 raro
778 1101 862 1174 apud
878 1098 1072 1157 Aristotelem
1094 1107 1126 1156 et
1150 1097 1253 1155 Theo·

100 1210 275 1285 phrastum‚
303 1227 396 1284 saepe
423 1211 497 1266 dein
526 1210 609 1286 apud
635 1205 815 1286 Ροίγῖιίιιιιιι
843 1208 1102 1284 Agatharchidem
1124 1207 1253 1284 Hippar-

100 1319 198 1377 chum
222 1318 308 1378 alios.

205 1427 322 1503 τυχὸν
348 1424 445 1503 ἴσως
473 1423 512 1506 [c.
534 1424 568 1506 t]
599 1429 683 1503 quod
706 1438 755 1486 est
778 1430 809 1485 in
832 1423 1023 1506 [Demosth]
1045 1445 1182 1504 prooem.
1206 1407 1256 1497 λ8,

100 1539 190 1615 apud
214 1537 372 1611 Polybium
395 1537 577 1594 Strabonem
592 1535 641 1596 Ps.
659 1535 831 1612 Diogenem
852 1527 913 1618 [ep.
928 1526 980 1617 37]
1000 1535 1132 1593 Dionem
1149 1535 1255 1611 Chrys.

101 1648 275 1708 Lucienum
289 1646 414 1704 Sextum
427 1647 514 1721 Emp.
531 1637 576 1728 [ut
591 1665 621 1722 p.
635 1649 706 1717 615,
719 1649 760 1706 20
772 1641 817 1727 B.]
832 1646 1001 1706 Himerium
1024 1637 1094 1728 [ecl.
1110 1645 1153 1702 IV
1170 1635 1221 1725 23]
1232 1641 1256 1704 2.

204 1749 300 1829 ἦχος
324 1745 360 1835 [α.
384 1747 413 1835 2]
442 1751 493 1828 (cf.
517 1754 631 1812 Moeris
652 1773 682 1830 p.
701 1757 759 1814 175
782 1754 874 1815 Piers.
909 1749 970 1830 ἠχὴ
999 1749 1145 1829 ἀττικιῖις,
1172 1750 1253 1831 ἦχος

102 1861 283 1940 ἑλληνικῶς
306 1874 338 1921 et
359 1862 495 1922 Thomas
517 1864 599 1938 Mag.
622 1883 650 1938 p.
671 1867 737 1941 170,
757 1866 794 1924 18
815 1859 878 1941 A),
912 1865 996 1939 quod
1024 1873 1187 1939 usurpatur
1214 1867 1253 1923 ab

102 1973 311 2050 Hippocrate,
345 1973 429 2049 apud
462 1991 552 2048 quem
584 1973 732 2050 significat
763 1973 880 2032 aurium
908 1973 1057 2050 sonitum,
1088 1973 1253 2031 Aristotele

104 2083 325 2159 Theophrasto
346 2083 378 2140 in
399 2082 576 2158 fragmentis
596 2084 769 2142 Stoicorum
789 2091 819 2141 et
832 2083 1051 2158 Epicureorum
1074 2084 1114 2141 ab
1127 2083 1253 2140 Herone

104 2191 289 2250 mechanico
312 2189 540 2265 Agatharchide
565 2192 665 2267 poetis
691 2190 904 2248 Alexandrinis
927 2189 1105 2248 Philodemo
1128 2191 1253 2250 Philone

104 2301 225 2358 Iudaeo
248 2300 322 2360 aliis.
1175 2354 1181 2372 .

206 2403 480 2483 ἐφικνεῖσθαι
502 2401 574 2492 [αθ
598 2408 733 2485 θεωρεῖν
755 2401 817 2491 ἐρ]
840 2409 905 2468 fere
926 2409 944 2470 i.
967 2429 997 2487 q.
1021 2406 1180 2472 δύνασθαι
1200 2430 1254 2470 eo·

106 2521 242 2592 demque
270 2520 365 2577 modo
391 2513 525 2594 ἐφικτόν
553 2517 593 2591 [c.
617 2521 636 2578 3
661 2527 693 2576 et
716 2519 748 2590 5]
777 2528 808 2576 et
828 2513 1004 2595 ἀνέφικτον
1034 2515 1078 2595 [c.
1098 2517 1141 2594 ill,
1175 2529 1254 2598 qnae

106 2629 166 2686 nisi
188 2629 274 2704 apud
296 2629 460 2704 scriptores
476 2629 642 2686 Aristotele
669 2637 701 2686 et
722 2628 938 2703 Theophrasto
959 2630 1171 2704 ροοίειίοιοε3
1193 2611 1256 2688 nori

107 2739 258 2812 leguntur.

206 2842 410 2922 προάγειν
439 2847 479 2920 [c.
500 2851 519 2906 θ
541 2864 594 2922 πρ.
618 2844 654 2908 ἐκ
675 2847 734 2908 τοῦ
755 2842 955 2926 Φαληρικοῖι]
979 2849 1070 2924 plane
1093 2850 1111 2908 i.
1134 2867 1162 2926 q.
1186 2866 1255 2924 pro·

110 2955 214 3025 ficisci,
241 2955 405 3031 cf.·Polyb.
431 2955 504 3015 XIV
526 2960 576 3026 10,
602 2961 616 3017 l
646 2953 682 3018 ἐκ
703 2957 762 3018 τοῦ
785 2953 1013 3034 βουλευτηρίου
1035 2956 1181 3032 προῆγον
1202 2953 1256 3018 ἐπὶ

110 3061 286 3126 θάλατταν.
320 3095 325 3104 ·

208 3169 272 3234 διά
293 3190 379 3235 τινα
400 3172 606 3249 δαιμονίαν
630 3171 817 3251 βούλησιν
840 3166 878 3257 [c.
897 3179 912 3234 1
937 3170 1005 3236 εἶτα
1027 3173 1067 3250 δὴ
1085 3174 1256 3250 πτερωθεί-

110 3294 175 3344 σαν
197 3283 224 3343 b.
241 3299 267 3342 τ.
282 3283 310 3343 b.
328 3284 354 3358 β.
378 3278 424 3358 εἰς
447 3277 577 3360 ὄρνιθας
597 3280 719 3360 τρόπον
738 3275 792 3366 π’.].
824 3283 964 3360 Polybius
980 3285 1054 3342 dicit
1071 3283 1221 3342 XXXVII
1237 3286 1255 3343 9

110 3387 157 3453 ὧν
180 3390 236 3467 μὲν
257 3389 297 3466 νὴ
309 3385 357 3454 Δί’
382 3385 581 3467 ἀούνατονῆ
604 3391 762 3469 δυσχερὲς
785 3389 843 3467 τὰς
863 3387 966 3468 αἰτίας
990 3391 1180 3469 καταλαβεῖν
1203 3386 1255 3452 ἄν·

211 3633 222 3671 ¹
240 3638 274 3690 cf.
291 3652 358 3704 quae
377 3637 460 3688 adfert
474 3637 567 3687 Krebs
585 3638 619 3686 de
638 3637 767 3688 adverbiis
779 3652 869 3704 praep.
883 3639 941 3691 sim.
955 3641 1025 3706 apud
1038 3642 1135 3707 Polyb.
1154 3642 1254 3705 Regin.

86 3749 89 3754 ·
112 3733 208 3784 Castris
226 3732 296 3786 1882
313 3731 420 3801 pbsq.
1148 3803 1151 3809 ἱ

210 3826 222 3864 ²
239 3833 271 3883 ci.
288 3829 468 3880 Wilamowitz
486 3831 520 3879 de
531 3829 621 3895 Eurip.
635 3830 775 3880 HerculeI
793 3847 819 3895 p.
830 3829 876 3890 41,
889 3829 924 3883 82
943 3831 1050 3883 Schmid
1070 3834 1104 3884 de
1116 3834 1255 3885 Atticismo

111 3930 137 3977 11
154 3945 182 3994 p.
197 3925 256 3979 159.
286 3926 433 3978 Scholiasta
444 3927 527 3980 Arist.
542 3927 613 3979 Plut.
626 3944 650 3978 v.
665 3925 700 3979 25
719 3925 794 3979 πάνυ
807 3927 928 3994 σφόδρα.
957 3927 1020 3982 Ὅτι
1039 3929 1158 3996 σύνηθες
1171 3930 1256 3984 Ἀττι·

112 4030 170 4086 κοῖς
190 4023 357 4089 παράλληλα
374 4023 481 4076 τιθέναι
499 4023 535 4075 τὰ
554 4021 781 4087 ἰσοδυναμοῦντα
854 4023 947 4088 οὕτως
964 4025 1021 4090 ἔχει
1039 4027 1084 4078 καί
1105 4027 1139 4079 τὸ
1157 4025 1257 4092 ’τυχὸν

110 4121 177 4183 ἴσως
183 4119 199 4180 ’,
219 4136 278 4170 cum
287 4120 402 4170 Atticam
422 4126 549 4186 spectaret
561 4120 788 4186 cunsuetudinem‚
807 4129 877 4171 certe
891 4121 983 4172 debuit
1000 4121 1062 4187 τάχ’
1074 4121 1143 4186 ἴσως
1156 4124 1256 4189 dicere,

111 4220 142 4268 de
167 4232 222 4283 quo
248 4233 273 4269 v.
293 4217 394 4268 Schanz
421 4233 480 4269 nov.
500 4231 593 4268 comm.
612 4215 681 4268 Plat.
700 4233 725 4282 p.
740 4215 774 4268 14
798 4225 824 4268 et
845 4217 1035 4283 Dittenberger
1053 4219 1167 4270 Hermae
1185 4221 1256 4271 XVI

111 4332 135 4382 p.
148 4311 203 4368 340
221 4313 294 4385 ehc·
314 4314 405 4364 Ritter
423 4321 533 4379 quaestt.
551 4313 619 4366 Plat.
640 4330 665 4378 p.
679 4312 704 4365 3.
718 4313 760 4366 83.

209 4404 222 4442 ⁸
240 4411 282 4460 De
304 4410 383 4476 signis
404 4426 446 4476 aq.
465 4409 596 4475 libellum,
613 4410 641 4460 in
653 4411 726 4460 cuius
740 4410 790 4463 c.1
809 4411 905 4475 legitur
924 4410 1087 4478 ἐγράψαμεν
1105 4409 1167 4468 καθ’
1186 4411 1256 4469 ὅσον

111 4509 147 4575 ῆν
167 4505 293 4573 ἐφικτόν,
313 4513 416 4558 constat
434 4523 488 4558 non
506 4522 566 4557 esse
584 4523 599 4556 a
617 4507 801 4573 Theophrasto
821 4508 1004 4576 conscriptum.
