2910 4994
770 332 803 392 16

215 519 328 588 texere,
362 491 402 571 ea
433 530 471 570 ex
505 511 613 588 quibus
640 512 705 588 ipsa
735 513 889 590 scriptoris
919 514 997 572 ratio
1022 521 1055 571 et
1082 514 1185 572 studia
1212 515 1370 590 cognosci

164 633 167 638 ·
214 631 352 698 possunt,
375 616 506 680 collecta
528 624 586 681 sub
606 619 670 680 ιἰιιοΙ
688 641 802 698 ponam
826 624 983 698 adspectu.
1226 623 1229 628 '

314 733 455 791 Socrates
486 732 517 789 in
549 741 615 790 tota
641 733 850 808 disputatione
882 735 1007 792 vocibus
1040 742 1198 792 naturae
1226 734 1366 792 mundi

213 841 274 898 dei
295 841 338 900 ita
361 841 464 910 utitur,
486 851 581 900 ut-
603 841 628 899 si
652 860 717 900 rem
740 851 861 918 spectes
883 861 946 900 non
967 824 1058 900 verba
1084 875 1117 884 -
1144 861 1235 902 omne
1250 861 1362 903 eorum

96 1019 103 1028 ι
209 950 375 1008 discrimen
403 949 509 1008 tollere
531 951 678 1010 videatur.
722 950 793 1010 C.3
819 952 897 1009 ‘dicit
925 949 984 1026 τὰς
1008 953 1072 1014 τῶν
1103 951 1187 1014 θεῶν
1210 949 1261 1013 καλ
1291 953 1364 1014 δαι-

212 1055 331 1132 μονίων
356 1053 506 1134 δυνάμεις
530 1055 550 1134 ἢ
572 1055 632 1135 τὰς
659 1058 717 1135 τῆς
748 1055 829 1136 ὅλης
851 1057 1054 1136 φύσεωςιο.
1080 1065 1097 1119 4
1125 1064 1171 1142 τῷ
1201 1058 1360 1142 δαιμονίῳ

212 1165 247 1228 δὲ
270 1162 466 1242 μεγάλην...
482 1163 644 1244 ὑπεροχὴν
676 1164 782 1244 ἔχοντι
816 1166 897 1248 πρὸς
927 1167 987 1246 τὰς
1009 1165 1167 1248 ἡμετέρας
1188 1167 1359 1248 δυνάμεις;

211 1277 270 1336 ab
293 1271 378 1350 ὅσην
399 1271 469 1351 ἔχει
489 1273 527 1336 τὸ
549 1274 685 1352 μέγεθος
713 1277 771 1338 τοῦ
794 1274 917 1354 κόσμου
946 1277 1006 1354 τὴν
1028 1276 1190 1355 ὑπεροχὴν
1212 1279 1296 1356 πρὸς
1318 1278 1360 1340 τό

212 1379 427 1459 Σωκράτους.
443 1430 468 1444 ..
484 1378 585 1459 εἷδος;
614 1403 640 1444 c.
664 1387 679 1444 7
707 1383 726 1460 ἡ
750 1383 786 1446 δὲ
807 1382 907 1462 φύσις
920 1431 926 1444 .
939 1432 965 1450 ..
983 1385 1089 1448 πολλὰ
1120 1386 1197 1464 γένη
1225 1384 1361 1450 πλάττει

211 1489 300 1554 κτὲ.1
344 1481 438 1551 Porro
462 1511 541 1569 quae
564 1513 589 1554 c.
610 1497 627 1554 6
648 1495 791 1570 leguntur
816 1493 952 1559 πιθανὸν
979 1491 1039 1558 οὖν
1064 1492 1148 1573 ἴσως
1170 1495 1256 1560 δόξει
1278 1500 1359 1561 πολ-

210 1600 293 1680 λοῖς,
317 1597 400 1676 ὅσην
421 1598 487 1678 ἔχει
507 1599 545 1662 τὸ
561 1600 696 1677 μέγεθος
718 1585 777 1664 τοῦ
799 1600 924 1680 κόσμου
947 1589 1004 1680 τὴν
1026 1601 1190 1683 ὑπεροχὴν
1212 1605 1295 1683 πρὸς
1317 1606 1359 1668 τὸ

211 1706 404 1786 Σωκράτους
426 1709 445 1786 ἢ
469 1697 696 1788 Χαιρεφῶντος
718 1707 815 1790 εἶδος,
844 1713 1032 1790 τηλικοῦτον
1061 1712 1114 1775 καὶ
1141 1713 1201 1790 τήν
1221 1713 1359 1793 δύναμιν

210 1816 310 1881 αὐτοῦ
341 1817 394 1881 καὶ
424 1817 483 1894 τὴν
510 1817 714 1897 φρόνησιν
746 1819 812 1882 καὶ
842 1819 1033 1884 διάνοιαν
1060 1819 1123 1885 ἀνὰ
1155 1821 1255 1898 λόγον
1290 1828 1359 1888 δια-

210 1928 322 2008 φέρειν
344 1931 402 2004 τῆς
428 1925 501 2005 περὶ
525 1928 609 2005 ἡμᾶς
633 1928 822 2008 διαθέσεως,
851 1933 938 1990 iniis
961 1934 1035 1990 satis
1058 1943 1164 2010 aperte
1185 1937 1302 2002 mundo
1325 1945 1360 1992 et

210 2034 374 2114 φρόνησις
394 2049 426 2096 et
448 2037 526 2113 νοῦς
549 2039 688 2098 tribuitur
699 2037 721 2100 2.
763 2041 794 2099 Si
824 2041 873 2098 cui
900 2043 993 2099 etiam
1014 2060 1095 2109 nunc
1114 2044 1253 2110 resident
1275 2061 1359 2102 scru-

210 2149 274 2224 puli
294 2136 439 2224 quorsum
460 2148 537 2206 haec
559 2150 733 2225 pertineant
755 2150 916 2219 dubitanti,
949 2151 1032 2208 hisce
1054 2153 1164 2228 opinor
1185 2153 1359 2211 evelluntur

213 2259 311 2316 verbis
333 2256 374 2331 [c.
394 2255 423 2334 7]
447 2254 467 2332 ἡ
490 2255 527 2319 δὲ
547 2255 664 2334 φύσις.
678 2307 705 2320 ..
727 2258 832 2322 πολλὰ
854 2258 929 2336 γένη
949 2257 1141 2322 πλάττει...
1158 2260 1249 2342 ζῴων
1271 2258 1358 2336 τέχ-

210 2385 309 2443 ναις,
330 2364 376 2444 όις
398 2364 498 2442 λόγος
519 2368 625 2448 τινῶν,
645 2364 773 2447 ἱεραῖς
796 2365 965 2446 αἰθέρος
988 2365 1165 2445 μεγάλου
1187 2387 1358 2446 προςχρω-

212 2474 301 2551 μένη.
353 2478 541 2536 Artificiosus
568 2479 649 2536 enim
677 2479 728 2536 hic·
752 2480 867 2554 aether,
898 2481 983 2538 cuius
1011 2498 1106 2556 opera
1136 2499 1174 2537 ex
1200 2482 1356 2540 vermibus

210 2609 286 2668 apes
309 2597 340 2646 et
362 2607 400 2646 ex
423 2588 487 2646 ovis
506 2607 597 2646 omne
619 2607 715 2667 genus
738 2591 935 2649 animantium
960 2600 992 2648 et
1013 2591 1135 2650 volatile
1157 2600 1189 2648 et
1210 2601 1355 2649 terrestre

211 2710 242 2759 et
265 2698 396 2775 aquatile
424 2697 607 2772 effinguntur
633 2707 667 2768 et
687 2709 883 2774 generantur,
905 2719 1008 2758 nonne
1032 2710 1079 2763 est
1098 2700 1279 2758 artificiosus
1303 2702 1354 2758 ille

211 2810 383 2868 Stoicorum
416 2811 517 2881 ardor,
550 2826 640 2893 quem
673 2798 737 2884 ττῦρ
770 2806 916 2885 τεχνικόν
951 2807 1123 2870 vocabant?
1166 2811 1278 2870 Nonne
1305 2823 1356 2870 est

209 2922 337 2982 calidum
363 2920 439 2979 iliud
465 2924 552 2994 atque
578 2921 695 2994 ι’μιισαω
723 2923 766 2979 ita
797 2923 829 2980 ιἰι
856 2923 935 2980 omni
954 2919 1052 2992 fusum
1073 2907 1191 2993 nutura,
1213 2927 1246 2980 ut
1266 2913 1300 2980 1η
1322 2939 1356 2980 eo

208 3030 281 3088 insit
296 3031 478 3104 procreandi
498 3030 543 3088 vis
565 3033 592 3089 et
612 3047 703 3089 causo
724 3031 872 3105 μόραακόό,
903 3048 999 3105 aquo
1020 3034 1047 3090 et
1068 3031 1235 3090 animant-in
1254 3033 1356 3090 οωιιιλι

208 3142 234 3196 et
255 3155 288 3198 eu
310 3155 431 3212 ηαοναω
452 3139 560 3212 stirpes
582 3143 664 3198 terra
684 3141 879 3213 continentur,
906 3144 933 3199 et
958 3141 1100 3219 nescisti
1119 3155 1232 3199 necesse
1253 3142 1281 3198 et
1301 3158 1355 3199 ου-

206 3241 363 3332 ροοοοναῗὲ
383 3246 478 3319 Quod
492 3247 590 3323 ipsum
603 3265 661 3306 nec
675 3247 825 3306 diversum
840 3258 886 3307 est
901 3250 940 3307 ab
957 3250 1080 3308 aethere
1095 3267 1195 3324 neque
1209 3267 1227 3304 a
1243 3255 1355 3306 natura

309 3499 368 3556 les.
387 3504 473 3554 Zeller
491 3506 525 3555 de
542 3504 638 3572 philos.
658 3507 748 3560 Graec.
767 3507 810 3558 ΙΠ
830 3508 844 3559 1
863 3525 890 3575 p.
904 3507 956 3560 138
966 3523 1024 3575 sqq.
1044 3514 1070 3558 et
1090 3506 1190 3572 146sq.

306 3597 413 3651 2Ρ1ι110
433 3609 589 3667 personatus
613 3603 647 3653 de
670 3604 760 3653 mundi
778 3606 874 3657 incorr.
892 3621 918 3670 p.
936 3603 996 3664 255,
1020 3603 1052 3656 11
1072 3605 1190 3670 Bernays
1219 3606 1355 3670 φυσιολο-

206 3700 297 3760 γεῖται
319 3696 347 3763 [a
365 3696 527 3764 Chrysippo]
550 3697 566 3750 ό
589 3697 694 3762 κόσμος
716 3700 762 3750 καὶ
781 3698 865 3766 φύσις
887 3698 985 3763 λογικὴ
1006 3697 1040 3750 οὐ
1059 3698 1146 3761 μόνον
1165 3697 1292 3762 ἔμψυχος
1310 3699 1354 3751 ὢν

207 3794 277 3848 ἀλλὰ
293 3794 339 3846 καὶ
355 3794 455 3861 νοερός
471 3794 543 3861 πρὸς
560 3794 591 3847 δὲ
611 3796 656 3846 καὶ
680 3795 825 3861 φρόνιμος.
865 3797 945 3845 Teste
964 3794 1123 3845 Philodemo
1143 3795 1177 3845 de
1195 3795 1257 3860 pier.
1276 3811 1303 3860 p.
1317 3796 1354 3848 82

208 3892 335 3956 Gomperz
353 3892 515 3967 Chrysippus
539 3892 603 3942 dixit
626 3892 678 3945 τὸν
702 3893 809 3958 κόσμον
833 3892 999 3960 tiburcium
1020 3893 1065 3944 καὶ
1084 3892 1198 3955 λογικὸν
1216 3892 1261 3943 καὶ
1280 3907 1353 3958 φρο·

206 3991 275 4039 νοῦν
293 3987 338 4038 καὶ
357 3987 431 4041 θεόν.
459 3988 541 4038 Plura
553 4005 577 4040 ν.
590 3989 661 4054 apud
672 3988 765 4040 Zeller.
779 3988 797 4040 l.
809 4003 832 4041 c.
860 3963 930 4038 Cum'
938 3987 1054 4038 Socratis
1067 3988 1267 4039 ratiocinatione
1282 3989 1353 4039 iuva·

206 4082 246 4132 bit
259 4097 409 4148 comparare
428 4088 588 4146 argumenta,
607 4082 705 4148 quibus
719 4082 858 4132 Cleanthes
878 4080 947 4146 [Sex.
959 4083 1036 4147 Emp.
1047 4081 1090 4131 IX
1100 4082 1134 4134 88
1145 4081 1214 4148 sqq.]
1234 4089 1261 4131 et
1271 4082 1352 4150 Chry·

205 4179 295 4244 sippus
310 4176 376 4243 [Cic.
386 4177 420 4226 de
429 4184 482 4228 nat.
495 4178 568 4228 deor.
582 4178 610 4226 II
623 4177 656 4230 16
667 4205 701 4215 -
713 4178 746 4230 cf.
759 4178 837 4228 etiarn
851 4176 923 4230 1130
935 4186 961 4228 et
973 4177 1019 4244 36]
1034 4193 1092 4228 esse
1107 4179 1186 4251 deurn
1197 4178 1353 4244 probabant.

305 4270 388 4327 tcie.
408 4274 442 4323 de
460 4280 512 4324 nat.
533 4274 604 4328 deor.
623 4274 651 4324 II
671 4274 713 4340 10,
733 4273 777 4327 28.
813 4275 892 4325 Plura
915 4275 1075 4326 desideranti
1101 4275 1307 4342 suppeditabunt
1327 4287 1353 4329 et

204 4371 322 4423 Krische
340 4369 501 4436 theologum.
520 4387 547 4436 p.
559 4369 612 4424 379
623 4386 681 4437 sqq.
701 4357 733 4421 et
746 4371 833 4422 Zeller
851 4371 869 4424 1.
886 4387 908 4422 c.
927 4389 953 4438 p.
969 4370 1021 4425 133
1035 4389 1091 4438 sqq.
1113 4371 1164 4425 149
1184 4373 1217 4448 al.
1236 4379 1262 4422 et
1277 4373 1353 4426 Stein

207 4465 332 4540 Psychol.
351 4466 399 4521 der
418 4465 486 4522 Stoa
504 4484 529 4534 p.
543 4466 578 4520 32
595 4468 656 4521 adn.
674 4466 717 4521 39.
