2910 4994
779 345 814 402 24

1115 463 1129 494 ⁸

296 521 414 596 'Quae
442 543 510 582 cum
540 525 582 582 ita
611 526 679 594 sint,
713 528 787 601 quid
815 528 922 585 mirum
942 528 968 586 si
990 527 1153 586 adversarii
1175 527 1375 600 maximeque

227 631 405 691 Academici
427 639 495 694 eant
516 635 702 710 arripiebant
723 655 782 712 qua
804 638 871 696 illos
893 639 960 714 ipsa
980 633 1174 696 refellerent?
1208 635 1300 696 Stoici
1321 653 1378 694 aa·

226 746 329 803 taram*
343 745 376 803 ia
397 747 471 804 duas
489 751 593 821 partes
617 749 760 822 olioidartl,
775 767 880 838 'unam
902 767 976 823 quac
1002 749 1119 821 efficiat,
1147 715 1273 806 alteram
1294 763 1376 819 miae

226 870 262 913 se.
277 853 318 912 ad
338 853 504 924 fouendum
526 859 706 918 tractabilem
723 860 879 932 praebeat:
903 861 935 919 ia
955 859 1008 918 illa
1026 860 1128 932 prima
1150 871 1212 915 esse
1231 856 1288 914 olm
1309 869 1379 912 sen-
1443 887 1444 914 ι

226 965 327 1041 ricarli,
348 965 382 1024 ia
396 965 450 1024 baa
468 969 630 1040 materiam,
650 966 703 1027 aec
724 969 849 1027 alierum
871 970 933 1026 sirie
954 968 1044 1026 altero
1063 957 1255 1039 (quicquam)
1276 981 1377 1036 posse.
1443 985 1444 1022 1

227 1073 371 1149 Quomodo
389 1077 483 1148 polest
504 1077 582 1134 idem
602 1078 759 1150 essequod
780 1081 886 1136 tractat
908 1081 936 1154 et
958 1077 1033 1150 qaod
1054 1075 1225 1156 tractator?¹
1250 1073 1285 1132 Sl
1307 1075 1380 1146 qais

227 1185 307 1242 dicat
327 1185 404 1243 idem
425 1201 484 1244 osse
503 1185 628 1260 Quium
649 1188 727 1264 qaool
749 1188 840 1246 latam
862 1190 913 1246 aut
934 1187 1026 1246 latam
1043 1187 1120 1244 lolem
1135 1201 1195 1245 esse
1210 1184 1286 1256 qaoo
1298 1183 1380 1256 ripa-

227 1293 296 1368 lam,
319 1310 414 1353 aanor
430 1297 530 1368 operte
552 1295 685 1354 insanire
706 1297 864 1356 rideatur?
896 1293 937 1354 Ar
954 1297 1010 1366 ¹isti
1031 1309 1089 1354 ooo
1110 1297 1236 1354 aalma
1256 1294 1381 1352 nomiae

227 1401 302 1458 daos
323 1417 373 1459 res
393 1401 609 1461 diversissimas
631 1403 884 1475 comprabandam,
906 1405 990 1462 deam
1013 1405 1040 1462 at
1061 1403 1209 1474 maioma,
1232 1403 1381 1474 artificem

211 1511 256 1566 ser
277 1525 359 1581 opas.
404 1509 493 1582 Quae
515 1527 553 1566 ex
573 1509 684 1568 eadem
707 1511 959 1587 opinoroificina
981 1511 1086 1587 petivit
1098 1510 1278 1568 Lactantius
1300 1505 1378 1584 [div.

229 1617 299 1676 inst.
314 1615 370 1678 VH
381 1610 411 1701 3]
426 1614 446 1690 ¹,
463 1637 501 1678 ex
517 1635 577 1696 qua
593 1620 719 1692 haeese
731 1622 896 1698 sumpsisse
912 1630 1018 1697 aperte
1034 1621 1197 1679 confitetur
1213 1615 1257 1698 [II
1273 1622 1302 1688 8.
1318 1617 1376 1699 10]

231 1725 353 1788 Cicero
369 1731 414 1790 cle
436 1734 567 1789 aalma
587 1733 735 1791 daoram
757 1732 952 1804 disputaris
973 1733 1025 1791 sic
1045 1726 1112 1790 ait':
1135 1731 1269 1790 Primum
1283 1731 1380 1804 opiter

223 1855 286 1897 *aaa
310 1841 353 1896 eoi
365 1840 514 1912 probabile
535 1857 597 1900 cam
618 1843 771 1900 oratoriam
792 1859 900 1914 reram,
922 1842 1001 1902 arde
1015 1842 1113 1901 omnia
1128 1845 1193 1900 orla
1214 1845 1295 1909 saal,
1318 1857 1382 1899 essa

230 1945 332 2004 divina
344 1947 530 2032 procidentia
545 1948 682 2022 effectam,
704 1951 754 2007 secl
769 1949 797 2008 ei
810 1950 914 2008 babere
928 1953 954 2009 el
969 1950 1104 2008 babuisse
1122 1950 1180 2006 rim
1194 1953 1221 2007 el
1236 1953 1381 2010 oraturam
1444 1997 1445 2032 ,

231 2071 322 2114 suam.
366 2054 404 2114 Ut
425 2057 517 2130 ipiiar
537 2057 631 2128 faber,
654 2076 719 2118 cam
740 2060 812 2132 qaid
831 2059 1043 2128 aedificaturos
1062 2062 1114 2129 est,
1142 2075 1201 2116 aaa
1221 2061 1285 2130 ipse
1306 2059 1382 2130 facit
1444 2061 1445 2076 ¹

230 2165 391 2237 materiam,
422 2166 474 2224 secl
494 2167 588 2225 utitor
610 2183 653 2239 ca,
682 2183 755 2240 qaae
776 2169 952 2240 eliberata,
982 2169 1120 2241 fictorque
1140 2168 1207 2226 ilem
1228 2185 1306 2241 aera,
1337 2169 1382 2226 sic

231 2275 282 2332 isli
299 2274 502 2346 providentiae
524 2275 642 2334 dioiaae
663 2277 816 2336 materiam
836 2280 955 2350 praesto
976 2267 1036 2335 esse
1058 2278 1184 2348 oportuit
1198 2270 1220 2333 2.
1261 2299 1263 2304 ι

234 2449 432 2458 -—-—--——-

333 2552 344 2590 ¹
363 2557 439 2608 Certe
457 2531 484 2608 in
502 2559 555 2610 Cic.
573 2559 636 2609 libri
654 2561 696 2610 III
715 2560 749 2609 de
768 2566 819 2612 nat.
839 2561 911 2612 deor.
938 2566 1010 2625 parte
1029 2559 1166 2625 deperdita
1185 2558 1219 2608 de
1237 2557 1279 2608 his
1298 2558 1381 2606 rebus

233 2654 376 2718 disputavit
394 2655 480 2720 Cotta,
499 2672 523 2707 v.
542 2652 555 2724 §
577 2655 618 2708 18.
1297 2655 1300 2660 ’

331 2745 343 2784 2
367 2751 430 2800 Non
458 2742 571 2801 alienum
600 2768 659 2802 esse
686 2752 804 2810 arbitror,
832 2768 900 2818 quae
932 2753 965 2802 sit
991 2752 1070 2803 huius
1098 2750 1275 2801 similitudinis
1306 2751 1378 2814 apud

234 2847 419 2912 scriptores
440 2849 708 2898 ecclesiasticos
737 2849 871 2908 memoria,
895 2849 983 2914 paucis
1003 2863 1143 2914 exponere.
1179 2846 1380 2909 Athenagorae,

234 2944 279 3008 qui
297 2943 356 3010 ipse
377 2943 456 2994 aliam
474 2944 501 2993 in
521 2961 574 2994 rem
600 2961 632 2994 ea
650 2945 730 2994 utitur
749 2945 833 3010 suppl.
857 2961 906 3010 pro
924 2945 1021 2996 Christ.
1039 2961 1060 2997 c.
1083 2943 1123 3002 15,
1142 2945 1311 3010 pugnandum
1330 2946 1382 2995 iuit
1445 2999 1446 3016 γ

234 3056 292 3089 cum
310 3040 353 3104 iis,
373 3042 419 3105 qui
440 3057 497 3092 eam
517 3043 550 3091 ad
576 3043 772 3092 resurrectionis
795 3042 874 3092 fidem
893 3042 1039 3092 tollendam
1057 3042 1214 3092 adhiberent
1229 3041 1267 3090 de
1286 3057 1381 3094 resurr.
1445 3091 1446 3116 3

234 3153 255 3187 c.
275 3135 299 3187 9.
335 3138 400 3186 Mox
426 3145 511 3188 antem
539 3138 699 3188 intellectum
723 3147 762 3188 est
789 3139 916 3204 imprimis
939 3138 1061 3188 idoneam
1085 3154 1144 3188 esse
1166 3154 1223 3188 eam
1241 3138 1327 3203 ipsam
1347 3141 1382 3188 ad

235 3232 420 3282 illustrandum
439 3251 491 3300 quo
509 3235 590 3285 modo
610 3236 673 3284 deus
693 3251 802 3301 corpora
820 3236 951 3285 dissoluta
968 3235 1054 3302 possit
1072 3235 1216 3286 restituere.
1255 3237 1382 3286 Accessit

235 3331 308 3396 quod
336 3327 482 3380 ‘hominem
508 3333 535 3381 in
558 3339 689 3397 potestate
712 3333 754 3381 dei
777 3348 836 3382 esse
855 3333 923 3382 sicut
939 3331 1022 3382 lutum
1040 3331 1067 3380 in
1085 3337 1214 3396 potestate
1235 3330 1322 3394 tiguli’
1353 3333 1382 3382 in

235 3427 310 3476 libn's
331 3429 382 3477 VT
401 3434 426 3476 et
442 3427 493 3476 NT
510 3425 684 3490 inveniebant,
704 3433 732 3475 ut
752 3427 845 3477 Ierem.
866 3425 907 3493 18,
928 3426 956 3491 13
983 3426 1032 3477 Sir.
1052 3424 1096 3487 33,
1117 3424 1163 3491 133
1188 3425 1264 3474 Pauli
1285 3439 1327 3491 ep.
1348 3428 1382 3476 ad

235 3527 317 3575 Rom.
336 3523 361 3590 9,
382 3523 429 3590 193
450 3522 495 3589 [ci.
515 3537 569 3588 sap.
588 3523 638 3574 Sal.
660 3520 702 3583 15,
723 3521 757 3590 'il
795 3523 835 3572 Ex
860 3539 913 3588 quo
937 3523 1034 3572 laetum
1055 3528 1102 3589 est,
1122 3522 1212 3587 utqui
1230 3529 1326 3588 postea
1345 3525 1383 3572 de

202 3674 205 3680 ,
237 3621 425 3671 resurrectione
443 3626 600 3670 mortuorum
624 3620 666 3669 vel
692 3597 860 3686 disputabant
882 3620 922 3670 vel
947 3619 1077 3670 orationes
1100 3619 1242 3678 habebant,
1269 3635 1301 3669 eo
1319 3620 1383 3669 loco

236 3735 288 3785 quo
311 3717 407 3768 similia
424 3717 597 3780 colligebant,
614 3718 658 3766 dei
677 3734 784 3783 quoque
803 3733 861 3767 cum
880 3716 962 3779 figulo
981 3715 1120 3766 collatione
1139 3716 1259 3782 plerique
1278 3722 1382 3766 uteren-

237 3822 288 3869 tur.
323 3815 403 3864 Velut
425 3814 470 3865 Ps.
502 3813 595 3864 lustin.
620 3813 654 3862 de
677 3829 770 3865 resurr.
796 3831 821 3879 p.
842 3811 893 3865 591
904 3829 926 3866 e.
955 3811 1095 3878 Theophil.
1122 3813 1155 3861 ad
1178 3810 1384 3873 Aut01.1126‚

180 3905 183 3914 ’
237 3911 364 3972 Origenes
381 3908 473 3961 homil.
494 3907 526 3961 18
545 3909 676 3961 inIerem.
695 3926 718 3961 c.
731 3908 756 3973 4,
776 3909 929 3958 Methodius
949 3910 982 3959 de
1003 3923 1097 3960 resurr.
1117 3923 1138 3959 c.
1152 3906 1187 3960 24
1199 3923 1248 3974 sq„
1269 3909 1383 3972 Gregor.

147 3991 152 4000 ⁸
235 4007 316 4072 Nyss.
336 4006 370 4054 de
389 4022 430 4057 an.
450 4013 477 4055 et
496 4021 587 4064 resurr.
606 4023 633 4072 p.
645 4004 698 4058 215
717 4013 743 4055 et
760 4007 788 4056 in
801 4005 898 4056 Christi
916 4021 966 4056 res.
988 4021 1026 4057 or.
1044 4005 1085 4054 111
1104 4020 1128 4069 p.
1137 4002 1201 4070 427,
1220 4002 1383 4059 Theodoret.

237 4119 273 4153 or.
289 4102 331 4151 IX
352 4102 384 4151 de
402 4101 505 4167 provid.
524 4118 550 4166 p.
568 4100 628 4158 648,
647 4102 726 4152 Nilus
740 4104 767 4152 in
779 4102 868 4152 Photii
887 4101 953 4152 bibl.
973 4117 998 4166 p.
1012 4099 1064 4153 514
1079 4100 1128 4151 Bk.
1165 4097 1289 4166 Exempli
1303 4117 1385 4152 causa

238 4199 356 4262 Gregorii
382 4197 420 4264 [ln
438 4198 535 4248 Christi
555 4214 605 4249 res.
625 4215 662 4249 or..
683 4197 848 4267 111p.427]
876 4199 955 4250 verba
980 4197 1123 4264 adponam:
1152 4195 1385 4266 συγχωρήσωμεν

238 4299 280 4362 τῷ
299 4298 356 4362 θεῷ
377 4294 513 4347 δύνασθαι
531 4297 679 4352 τοσοῦτον,
698 4293 797 4346 ὅσονὸ
815 4294 951 4360 κεραμεὺς
965 4292 1065 4359 ἰσχύει·
1086 4291 1113 4346 ri
1124 4291 1178 4360 γὰρ
1196 4291 1282 4355 οὗτος
1300 4300 1383 4362 ποιεῖ,

206 4443 208 4450 ,
236 4392 421 4456 λογισώμεθα.
450 4390 542 4456 πηλὸν
560 4390 653 4455 λαβὼν
672 4390 811 4456 ἄμορφον,
830 4389 870 4454 εἰς
888 4393 988 4453 σκεῦος
1007 4391 1132 4464 σδοποιεῑ
1150 4390 1195 4442 καὶ
1212 4393 1299 4443 τοῦτο
1312 4393 1384 4458 πρὸς

237 4489 291 4552 τὴν
314 4468 492 4550 ἀκτῖνα-τήν
515 4486 632 4552 ἡλιακὴν
658 4486 830 4552 προθέμενος
852 4485 974 4552 ξηραίνει
993 4488 1037 4539 rai
1056 4485 1173 4553 στερεὸν
1196 4485 1384 4551 ἀπεργάζεται
