2910 4994
232 1279 315 1338 Sicut
343 1283 413 1340 olim
440 1283 575 1352 Platonis
604 1285 746 1358 singulari
774 1303 811 1340 ac
841 1302 939 1358 paene
968 1284 1069 1341 divina
1092 1283 1204 1341 iactum
1228 1293 1275 1340 est
1314 1301 1316 1308 ·

126 1391 324 1470 auctoritate,
347 1403 380 1451 ut
394 1403 565 1452 ceterorum
580 1396 711 1454 Socratis
735 1394 1119 1469 discipulorum'memoria,
1140 1393 1165 1449 si
1180 1411 1274 1450 unum

126 1501 264 1576 excipias
287 1503 535 1582 Xenophontem,
562 1506 675 1564 sensim
696 1513 892 1562 evanesceret
913 1521 1080 1578 eorumque
1108 1520 1201 1576 opera
1223 1521 1275 1560 ne-

125 1609 324 1684 glegerentur
344 1621 374 1671 et
396 1610 667 1690 deperderentur¹,
690 1616 733 1672 ita
747 1616 858 1673 nostris
878 1613 1066 1688 temporibus
1082 1629 1143 1686 quo
1159 1612 1273 1670 maiore

126 1720 235 1778 studio
248 1719 383 1780 Platonis
406 1704 518 1798 scripta
539 1725 733 1800 explicabant
753 1725 806 1781 viri
829 1723 923 1795 docti,
947 1741 984 1780 eo
1006 1723 1106 1780 minus
1125 1721 1275 1778 curabant
1302 1739 1306 1744 ’

125 1830 207 1888 illos,
235 1830 402 1907 Postquam
423 1835 550 1894 tandem
570 1835 644 1894 inde
665 1833 974 1893 aSchleiermachero
998 1833 1095 1906 magis
1117 1831 1274 1908 magisque

126 1939 287 2014 cognitum
308 1949 364 2012 est,
386 1943 520 2002 Platonis
544 1945 608 2002 libri
624 1951 658 2003 ut
673 1955 756 2002 recte
779 1944 977 2004 aestimentur
998 1951 1029 2000 et
1051 1942 1273 2015 intellegantur,

126 2067 194 2105 non
215 2051 299 2124 parvi
321 2068 390 2108 esse
411 2053 560 2110 momenti
583 2053 658 2129 quid
680 2054 824 2130 aequales
847 2054 912 2110 eius
942 2059 973 2110 et
995 2027 1107 2108 aemuli
1129 2049 1272 2107 maxime·

126 2175 192 2232 que
217 2160 309 2218 ceteri
335 2160 482 2221 Socratici
509 2163 669 2231 senserint,
699 2163 792 2220 etiam
818 2179 925 2220 eorum
951 2160 1098 2236 reliquiae
1130 2159 1271 2216 librorum

127 2267 231 2344 colligi
258 2277 290 2327 et
317 2271 445 2329 decreta
476 2271 619 2346 explicari
651 2279 763 2346 coepta
790 2279 867 2330 sunt.
912 2270 958 2327 Eo
987 2278 1091 2327 autem
1115 2284 1153 2323 ex
1176 2265 1270 2340 fonte,

126 2393 223 2452 quem
244 2386 337 2436 antea
358 2396 457 2454 paene
482 2381 588 2440 solum·
601 2381 685 2438 adire
714 2380 864 2448 solebant,
890 2378 983 2436 hodie
1004 2377 1140 2452 plerique
1162 2375 1272 2433 nolunt

126 2485 263 2546 haurire:
296 2487 436 2562 dialogos
467 2490 536 2546 dico
565 2491 748 2553 Socraticos,
779 2505 856 2566 quos
886 2488 1021 2545 Platonis
1050 2485 1164 2543 nomini
1196 2482 1272 2540 falso

126 2595 273 2652 addictos
299 2613 367 2654 esse
389 2597 449 2654 iam
471 2606 589 2656 veteres
612 2599 705 2656 critici
727 2606 953 2675 perspexerunt.
999 2595 1137 2667 Quorum
1158 2594 1183 2651 si
1206 2592 1272 2666 quis

125 2704 235 2762 titulos
261 2723 330 2764 cum
357 2705 470 2766 Laertii
496 2705 643 2782 Diogenis
666 2706 841 2782 Suidaeque
864 2704 1087 2794 Socraticorum
1119 2702 1271 2760 indicibus

125 2813 270 2870 librorum
286 2815 517 2890 comparaverit,
535 2815 680 2890 plurimos
697 2815 727 2872 in
742 2814 787 2872 his
803 2815 929 2872 inveniri
944 2815 1056 2872 similes
1072 2813 1160 2870 facile
1176 2811 1272 2868 anirn-

125 2923 271 2984 advertet
281 2919 304 2984 2.
347 2922 454 2999 Neque
482 2925 515 2980 id
540 2923 619 2981 viros
642 2925 753 2982 doctos
781 2924 907 2998 fugerat.
953 2923 1054 2994 Quam
1076 2924 1116 2980 ob
1141 2939 1204 2980 rem
1235 2939 1272 2976 ex

230 3156 240 3194 ¹
258 3161 406 3228 Byzantinis
419 3162 509 3225 ignota
521 3164 599 3229 fuere,
612 3179 767 3228 quamquam
781 3163 862 3214 Mich.
875 3163 981 3212 Psellus
995 3161 1057 3211 dicit
1070 3161 1133 3218 (adl.
1153 3179 1168 3212 a
1181 3163 1274 3212 Grotio

124 3255 318 3310 Plat.111469
336 3275 367 3308 ex
380 3258 455 3308 Coxii
469 3259 545 3312 catal.
558 3259 638 3311 codd.
652 3259 717 3310 bibl.
732 3258 810 3310 Bodl.
830 3276 855 3324 p.
870 3257 932 3323 743)
952 3259 1029 3324 παρὰ
1049 3258 1099 3322 μὲν
1117 3257 1274 3321 Πλάτωνος

124 3353 182 3417 τὴν
201 3353 363 3417 διαλογικὴν
383 3354 497 3419 φράσιν,
523 3353 599 3420 παρὰ
623 3353 654 3406 δὲ
677 3358 728 3406 τοῡ
748 3354 928 3420 Σωκρατικοῦ
947 3353 1076 3418 Αἰσχίνου
1095 3355 1148 3417 τὴν
1169 3356 1272 3421 ἐμμελῆ

125 3445 274 3514 συνθήκην
287 3451 347 3500 τῶν
359 3448 461 3502 λέξεων
479 3449 535 3502 κτὲ.
556 3457 582 3499 et
595 3450 751 3500 Theodorus
765 3451 910 3500 Metochita
928 3450 1036 3502 miscell.
1049 3451 1147 3515 philos.
1167 3462 1193 3500 et
1211 3451 1272 3504 hist.

124 3564 153 3612 p.
169 3544 204 3596 66
222 3545 262 3596 ed.
281 3545 423 3607 Kiessling
446 3545 516 3598 ἀλλὰ
541 3547 586 3598 καί
604 3545 790 3612 Ξενοφῶντες
813 3547 844 3599 ἐν
864 3545 1061 3612 ὑπομνήμασιν
1081 3546 1150 3599 ἀλλὰ
1170 3549 1214 3600 καί
1233 3547 1273 3601 Αί-

125 3639 220 3706 σχίναι
233 3638 425 3703 διαλεγόμενοι
437 3640 546 3704 πολλὴν
560 3640 589 3692 ἐν
602 3645 663 3702 τοῖς
675 3639 769 3704 λόγοις
787 3641 832 3693 καί
849 3645 912 3704 ταῖς
930 3637 1047 3704 ὁμιλίαις
1066 3640 1274 3707 ὑπεμιραίνουσι

124 3741 170 3804 τῷ
189 3735 331 3803 Σωκράτει
348 3735 402 3801 τὴν
420 3734 573 3802 εἰρωνείαν.

228 3829 320 3900 2περὶ
339 3831 447 3885 δικαίου
470 3833 552 3882 fertur
571 3835 708 3900 scripsisse
729 3834 800 3884 Simo
818 3836 913 3897 (Laert
933 3836 966 3886 D.
986 3836 1012 3883 H
1033 3832 1107 3901 122);
1131 3837 1195 3900 περί
1214 3836 1274 3902 ἀρε-

124 3934 181 3996 τῆς
198 3930 270 3980 Simo
295 3927 371 3997 (περί
390 3929 498 3996 ἀρετῆς,
526 3930 569 3983 ὅτι
588 3931 622 3984 οὐ
646 3931 797 3997 διδακτόν),
821 3932 973 3996 Aristippus
1001 3931 1100 3996 (Laert.
1119 3933 1153 3982 D.
1172 3930 1273 3999 1185),

125 4027 278 4079 Aeschines
298 4025 404 4093 (Suidas
422 4027 440 4079 i.
453 4029 495 4092 u),
516 4029 548 4080 ci.
569 4029 646 4078 etiam
657 4028 770 4078 Critonis
790 4029 833 4081 ὅτι
852 4029 904 4081 οὐκ
923 4029 954 4082 ἐκ
973 4033 1025 4081 τοῦ
1044 4031 1142 4092 μαθεῖν
1161 4028 1188 4080 ol
1206 4028 1273 4093 ἀγα-

125 4119 173 4176 θοί
193 4123 290 4186 (Laert.
309 4123 343 4174 D.
361 4121 480 4189 u121);
499 4125 631 4190 περὶτοῦ
652 4124 834 4189 βουλεύεσθαι
851 4127 893 4188 <=
905 4124 1045 4192 Sisyphus)
1064 4125 1144 4185 Simo,
1164 4126 1194 4177 cf.
1212 4126 1272 4175 Ari·

126 4217 210 4284 stippi
233 4219 302 4284 πρὸς
324 4219 376 4272 τὸν
403 4219 602 4285 συμβουλεύειν
630 4219 839 4286 rigationum
864 4222 987 4287 Eryxiam
1005 4230 1031 4272 et
1048 4221 1199 4272 Axiochum
1220 4225 1274 4272 Ae·

126 4315 242 4367 schiues.
279 4317 419 4366 Praeterea
438 4317 501 4383 περί
520 4317 608 4382 νόμου
628 4320 674 4381 l:
683 4319 785 4384 Minos)
808 4325 847 4368 est
869 4319 938 4368 inter
955 4317 1068 4368 Simonis
1093 4325 1120 4368 et
1137 4320 1273 4368 Antisthe-

125 4413 168 4463 nis
187 4410 283 4477 (Laert.
296 4414 330 4465 D.
344 4414 385 4464 VI
399 4413 445 4478 16)
458 4420 488 4476 ,οι
505 4415 621 4465 Critonis
641 4415 732 4474 libros,-
754 4415 818 4481 περί
837 4414 1021 4481 φιλοκερδοῦς
1040 4415 1083 4482 (=
1093 4414 1273 4484 Hipparchus)

125 4510 192 4561 inter
211 4509 336 4563 Simonis.
572 4507 574 4513 '
